
@article{girardFunctionalEstimationExtreme2021,
	title = {Functional estimation of extreme conditional expectiles},
	issn = {2452-3062},
	url = {https://www.sciencedirect.com/science/article/pii/S2452306221000642},
	doi = {10.1016/j.ecosta.2021.05.006},
	language = {en},
	urldate = {2021-08-07},
	journal = {Econometrics and Statistics},
	author = {Girard, Stéphane and Stupfler, Gilles and Usseglio-Carleve, Antoine},
	year = {2021}
}


@article{cardEstimatingReturnSchooling2001,
	title = {Estimating the {Return} to {Schooling}: {Progress} on {Some} {Persistent} {Econometric} {Problems}},
	volume = {69},
	copyright = {The Econometric Society},
	issn = {1468-0262},
	shorttitle = {Estimating the {Return} to {Schooling}},
	url = {https://onlinelibrary.wiley.com/doi/abs/10.1111/1468-0262.00237},
	doi = {10.1111/1468-0262.00237},
	language = {en},
	number = {5},
	urldate = {2021-07-09},
	journal = {Econometrica},
	author = {Card, David},
	year = {2001}
}

@article{warringtonMaternalFetalGenetic2019,
	title = {Maternal and fetal genetic effects on birth weight and their relevance to cardio-metabolic risk factors},
	volume = {51},
	copyright = {2019 The Author(s), under exclusive licence to Springer Nature America, Inc.},
	issn = {1546-1718},
	url = {https://www.nature.com/articles/s41588-019-0403-1},
	doi = {10.1038/s41588-019-0403-1},
	language = {en},
	number = {5},
	urldate = {2021-07-09},
	journal = {Nature Genetics},
	author = {Warrington, Nicole M. and Beaumont, Robin N. and al.},
	year = {2019},
	pages = {804--814}
}

@article{lamarcheRobustPenalizedQuantile2010a,
	title = {Robust penalized quantile regression estimation for panel data},
	volume = {157},
	issn = {03044076},
	url = {https://linkinghub.elsevier.com/retrieve/pii/S0304407610000850},
	doi = {10.1016/j.jeconom.2010.03.042},
	language = {en},
	number = {2},
	urldate = {2021-02-27},
	journal = {Journal of Econometrics},
	author = {Lamarche, Carlos},
	month = aug,
	year = {2010},
	pages = {396--408}
}


@article{canaySimpleApproachQuantile2011a,
	title = {A simple approach to quantile regression for panel data},
	volume = {14},
	issn = {1368-4221},
	url = {https://www.jstor.org/stable/23116937},
	number = {3},
	urldate = {2021-03-16},
	journal = {The Econometrics Journal},
	author = {Canay, Ivan A.},
	year = {2011},
	note = {Publisher: Wiley},
	pages = {368--386}
}


@Manual{microbenchmark2019,
    title = {microbenchmark: Accurate Timing Functions},
    author = {Olaf Mersmann},
    year = {2019},
    note = {R package version 1.4-7},
    url = {https://CRAN.R-project.org/package=microbenchmark},
}
  
@incollection{bruderlFixedEffectsPanelRegression2014,
	title = {Fixed-{Effects} {Panel} {Regression}},
	isbn = {978-1-4462-5244-4 978-1-4462-8814-6},
	url = {http://methods.sagepub.com/book/regression-analysis-and-causal-inference/n15.xml},
	language = {en},
	booktitle = {The {SAGE} {Handbook} of {Regression} {Analysis} and {Causal} {Inference}},
	publisher = {SAGE Publications Ltd},
	author = {Brüderl, Josef and Ludwig, Volker},
	collaborator = {Best, Henning and Wolf, Christof},
	year = {2014},
	doi = {10.4135/9781446288146.n15},
	pages = {327--358}
}

@article{boseGeneralizedBootstrapEstimators2003,
	title = {Generalized bootstrap for estimators of minimizers of convex functions},
	volume = {117},
	issn = {0378-3758},
	url = {https://www.sciencedirect.com/science/article/pii/S0378375802003865},
	doi = {10.1016/S0378-3758(02)00386-5},
	language = {en},
	number = {2},
	urldate = {2021-03-11},
	journal = {Journal of Statistical Planning and Inference},
	author = {Bose, Arup and Chatterjee, Snigdhansu},
	month = dec,
	year = {2003},
	keywords = {-statistics, Bootstrap, estimators, Jackknife, median, Oja median},
	pages = {225--239},
	file = {ScienceDirect Full Text PDF:C\:\\Users\\amadou.barry\\Zotero\\storage\\ZTKZTPX8\\Bose and Chatterjee - 2003 - Generalized bootstrap for estimators of minimizers.pdf:application/pdf;ScienceDirect Snapshot:C\:\\Users\\amadou.barry\\Zotero\\storage\\CEQNMJ83\\S0378375802003865.html:text/html}
}


@book{barnettNonparametricSemiparametricMethods1991,
	title = {Nonparametric and {Semiparametric} {Methods} in {Econometrics} and {Statistics}: {Proceedings} of the {Fifth} {International} {Symposium} in {Economic} {Theory} and {Econometrics}},
	isbn = {978-0-521-42431-8},
	language = {en},
	publisher = {Cambridge University Press},
	author = {Barnett, William A. and Powell, James and Tauchen, George E.},
	month = jun,
	year = {1991},
	note = {Google-Books-ID: wHTszJdi2H0C},
	keywords = {Business \& Economics / Econometrics, Business \& Economics / Economic History}
}

@article{ganglCausalInferenceSociological2010,
	title = {Causal {Inference} in {Sociological} {Research}},
	volume = {36},
	issn = {0360-0572, 1545-2115},
	url = {http://www.annualreviews.org/doi/10.1146/annurev.soc.012809.102702},
	doi = {10.1146/annurev.soc.012809.102702},
	language = {en},
	number = {1},
	urldate = {2021-02-15},
	journal = {Annual Review of Sociology},
	author = {Gangl, Markus},
	month = jun,
	year = {2010},
	pages = {21--47}
}

@article{hausmanPanelDataUnobservable1981,
	title = {Panel {Data} and {Unobservable} {Individual} {Effects}},
	volume = {49},
	issn = {0012-9682},
	url = {https://www.jstor.org/stable/1911406},
	doi = {10.2307/1911406},
	number = {6},
	urldate = {2021-03-05},
	journal = {Econometrica},
	author = {Hausman, Jerry A. and Taylor, William E.},
	year = {1981},
	note = {Publisher: [Wiley, Econometric Society]},
	pages = {1377--1398}
}


@Manual{rcran,
    title = {R: A Language and Environment for Statistical Computing},
    author = {{R Core Team}},
    organization = {R Foundation for Statistical Computing},
    address = {Vienna, Austria},
    year = {2021},
    url = {https://www.R-project.org/},
}

@article{Aigner_1976,
Author = {Aigner, D.J. and Amemiya, T. and Poirier, D.J.},
Journal = {International Economic Review},
Number = {2},
Pages = {377},
Title = {On the Estimation of Production Frontiers: Maximum likelihood Estimation of the Parameters of a Discontinuous Density Function.},
Volume = {17},
Year = {1976},
}
@article{newey_asymmetric_1987,
	title = {Asymmetric Least Squares Estimation and Testing},
	volume = {55},
	pages = {819--47},
	number = {4},
	journal= {Econometrica},
	author = {Newey, Whitney K. and Powell, James L.},
	year = {1987}
}
@article{Efron_1991,
author = {B. Efron},
journal = {Statistica Sinica},
number = {1},
pages = {93-125},
publisher = {Institute of Statistical Science, Academia Sinica},
title = {REGRESSION PERCENTILES USING ASYMMETRIC SQUARED ERROR LOSS},
volume = {1},
year = {1991}
}

@article{Eilers2013,
author = {Paul HC Eilers},
title ={Discussion: The beauty of expectiles},
journal = {Statistical Modelling},
volume = {13},
number = {4},
pages = {317-322},
year = {2013}
}
@article{ZhaoZhang2017,
author = {Jun Zhao and Yi Zhang},
title = {Variable selection in expectile regression},
journal = {Communications in Statistics - Theory and Methods},
volume = {0},
number = {0},
pages = {1-16},
year  = {2017},
publisher = {Taylor \& Francis}
}
@article{BianchiSalvati2015,
author = {Annamaria Bianchi and Nicola Salvati},
title = {Asymptotic Properties and Variance Estimators of the M-quantile Regression Coefficients Estimators},
journal = {Communications in Statistics - Theory and Methods},
volume = {44},
number = {11},
pages = {2416-2429},
year  = {2015},
publisher = {Taylor \& Francis}
}
@article{KneibRejoinder2103,
author = {Thomas Kneib},
title ={Rejoinder},
journal = {Statistical Modelling},
volume = {13},
number = {4},
pages = {373-385},
year = {2013}
}
@article{koenker_regression_1978,
	title = "Regression quantiles",
	volume = "46",
	issn = "0012-9682",
	pages = "33--50",
	number = "1",
	journal= "Econometrica. Journal of the Econometric Society",
	author = "Koenker, Roger and Bassett, Jr., Gilbert",
	year = "1978"
}
@ARTICLE{SchnabelEilers2009,
author={Schnabel, S.K. and Eilers, P.H.C.},
title={Optimal expectile smoothing},
journal={Computational Statistics and Data Analysis},
year={2009},
volume={53},
number={12},
pages={4168-4177},
doi={10.1016/j.csda.2009.05.002}
}
@ARTICLE{SobotkaKneib2012,
author={Sobotka, F. and Kneib, T.},
title={Geoadditive expectile regression},
journal={Computational Statistics and Data Analysis},
year={2012},
volume={56},
number={4},
pages={755-767},
doi={10.1016/j.csda.2010.11.015}
}
@article{Kneib01082013,
author = {Kneib, Thomas}, 
title = {Beyond mean regression},
volume = {13}, 
number = {4}, 
pages = {275-303}, 
year = {2013}, 
doi = {10.1177/1471082X13494159}, 
journal = {Statistical Modelling} 
}
@ARTICLE{SchnabelEilers2013,
author={Schnabel, S.K. and Eilers, P.H.C.},
title={A location-scale model for non-crossing expectile curves},
journal={Stat},
year={2013},
volume={2},
number={1},
pages={171-183},
doi={10.1002/sta4.27},
publisher={Wiley-Blackwell Publishing Ltd}
}
@Article{SchulzeWaltrup2015,
author="Schulze, Waltrup Linda and Kauermann, G{\"o}ran",
title="Smooth expectiles for panel data using penalized splines",
journal="Statistics and Computing",
year="2015",
volume="27",
number="1",
pages="271--282",
issn="1573-1375",
doi="10.1007/s11222-015-9621-2"
}
@article{Derossi2009,
title = "Quantiles, expectiles and splines",
journal = "Journal of Econometrics",
volume = "152",
number = "2",
pages = "179 - 185",
year = "2009",
issn = "0304-4076",
doi = "http://dx.doi.org/10.1016/j.jeconom.2009.01.001",
author = "Giuliano De Rossi and Andrew Harvey"
}
@article{Sobotka2013,
	title = {On confidence intervals for semiparametric expectile regression},
	volume = {23},
	issn = {0960-3174, 1573-1375},
	doi = {10.1007/s11222-011-9297-1},
	language = {en},
	number = {2},
	journal = {Statistics and Computing},
	author = {Sobotka, Fabian and Kauermann, Göran and Waltrup, Linda Schulze and Kneib, Thomas},
	month = mar,
	year = {2013},
	pages = {135--148}
}
@article{waltrup_expectile_2015,
	title = {Expectile and quantile regression—{David} and {Goliath}?},
	volume = {15},
	doi = {10.1177/1471082X14561155},
	number = {5},
	journal = {Statistical Modelling},
	author = {Waltrup, L.S. and Sobotka, F. and Kneib, T. and Kauermann, G.},
	year = {2015},
	pages = {433--456}
}
@ARTICLE{Majumdar2016,
author={Majumdar, A. and Paul, D.},
title={Zero Expectile Processes and Bayesian Spatial Regression},
journal={Journal of Computational and Graphical Statistics},
year={2016},
volume={25},
number={3},
pages={727-747},
doi={10.1080/10618600.2015.1062014},
publisher={American Statistical Association}
}
@ARTICLE{Waldmann2016,
author={Waldmann, E. and Sobotka, F. and Kneib, T.},
title={Bayesian regularisation in geoadditive expectile regression},
journal={Statistics and Computing},
year={2016},
pages={1-15},
doi={10.1007/s11222-016-9703-9},
publisher={Springer New York LLC}
}
@ARTICLE{Xing2017,
author={Xing, J.-J. and Qian, X.-Y.},
title={Bayesian expectile regression with asymmetric normal distribution},
journal={Communications in Statistics - Theory and Methods},
year={2017},
volume={46},
number={9},
pages={4545-4555},
doi={10.1080/03610926.2015.1088030},
publisher={Taylor and Francis Inc.}
}
@ARTICLE{JiangJiang2017,
author={Jiang, C. and Jiang, M. and Xu, Q. and Huang, X.},
title={Expectile regression neural network model with applications},
journal={Neurocomputing},
year={2017},
volume={247},
pages={73-86},
doi={10.1016/j.neucom.2017.03.040},
publisher={Elsevier B.V.}
}

@ARTICLE{Farooq2017,
author={Farooq, M. and Steinwart, I.},
title={An SVM-like approach for expectile regression},
journal={Computational Statistics and Data Analysis},
year={2017},
volume={109},
pages={159-181},
doi={10.1016/j.csda.2016.11.010},
publisher={Elsevier B.V.}
}

@ARTICLE{Righi2014,
author={Righi, M.B. and Yang, Y. and Ceretta, P.S.},
title={Nonparametric expectile regression for conditional autoregressive expected shortfall estimation},
journal={Contemporary Studies in Economic and Financial Analysis},
year={2014},
volume={96},
pages={83-95},
doi={10.1108/S1569-375920140000096003},
publisher={Emerald Group Publishing Ltd.}
}
@ARTICLE{XuLiuJiang2016,
author={Xu, Q. and Liu, X. and Jiang, C. and Yu, K.},
title={Nonparametric conditional autoregressive expectile model via neural network with applications to estimating financial risk},
journal={Applied Stochastic Models in Business and Industry},
year={2016},
volume={32},
number={6},
pages={882-908},
doi={10.1002/asmb.2212},
publisher={John Wiley and Sons Ltd}
}
@ARTICLE{YangZou2015,
author={Yang, Y. and Zou, H.},
title={Nonparametric multiple expectile regression via ER-Boost},
journal={Journal of Statistical Computation and Simulation},
year={2015},
volume={85},
number={7},
pages={1442-1458},
doi={10.1080/00949655.2013.876024},
publisher={Taylor and Francis Ltd.}
}
@ARTICLE{KimLee2016,
author={Kim, M. and Lee, S.},
title={Nonlinear expectile regression with application to Value-at-Risk and expected shortfall estimation},
journal={Computational Statistics and Data Analysis},
year={2016},
volume={94},
pages={1-19},
doi={10.1016/j.csda.2015.07.011},
publisher={Elsevier}
}
@Article{Hsiao2007,
	author="Hsiao, Cheng",
	title="Panel data analysis---advantages and challenges",
	journal="TEST",
	year="2007",
	volume="16",
	number="1",
	pages="1--22"
}
@article{SmithAl2015,
title = "Quantile regression for mixed models with an application to examine blood pressure trends in China",
author = "Smith, {Luke B.} and Montserrat Fuentes and Penny Gordon-Larsen and Reich, {Brian J.}",
year = "2015",
volume = "9",
pages = "1226--1246",
journal = "Annals of Applied Statistics",
publisher = "Institute of Mathematical Statistics",
number = "3",
}
@article {Furlotte_2012,
author = {Furlotte, Nicholas A. and Eskin, Eleazar and Eyheramendy, Susana},
title = {Genome-Wide Association Mapping With Longitudinal Data},
journal = {Genetic Epidemiology},
volume = {36},
number = {5},
pages = {463--471},
year = {2012},
}

@book{Frees2004,
  author    = {Edward W. Frees}, 
  title     = {Longitudinal and Panel Data: Analysis and Applications in the Social Sciences},
  publisher = {Cambridge University Press},
  year      = 2004
}

@book{fitzmaurice2008longitudinal,
  title={Longitudinal Data Analysis},
  author={Fitzmaurice, G. and Davidian, M. and Verbeke, G. and Molenberghs, G.},
  isbn={9781420011579},
  lccn={2008020681},
  series={Chapman \& Hall/CRC Handbooks of Modern Statistical Methods},
  year={2008},
  publisher={CRC Press}
}

@book{diggle2013analysis,
  title={Analysis of Longitudinal Data},
  author={Diggle, P. and Heagerty, P. and Liang, K.Y. and Zeger, S.},
  isbn={9780191664335},
  series={Oxford Statistical Science Series},
  year={2013},
  publisher={OUP Oxford}
}
@book{frees2004longitudinal,
  title={Longitudinal and Panel Data: Analysis and Applications in the Social Sciences},
  author={Frees, E.W.},
  isbn={9780521535380},
  lccn={2004043583},
  year={2004},
  publisher={Cambridge University Press}
}
@ARTICLE{hjort_asymptotics_2011,
   author = {{Lid Hjort}, N. and {Pollard}, D.},
    title = "{Asymptotics for minimisers of convex processes}",
  journal = {ArXiv e-prints},
  archivePrefix = "arXiv",
  eprint = {1107.3806},
  primaryClass = "math.ST",
  keywords = {Mathematics - Statistics Theory, Mathematics - Probability},
  year = 2011,
  month = jul
}

@article{hansen2007,
title = "Asymptotic properties of a robust variance matrix estimator for panel data when T is large",
journal = "Journal of Econometrics",
volume = "141",
number = "2",
pages = "597 - 620",
year = "2007",
author = "Christian B. Hansen"
}
@article{Kocherginsky2005,
 author = {Masha Kocherginsky, Xuming He, Yunming Mu},
 journal = {Journal of Computational and Graphical Statistics},
 number = {1},
 pages = {41-55},
 publisher = {[American Statistical Association, Taylor \& Francis, Ltd., Institute of Mathematical Statistics, Interface Foundation of America]},
 title = {Practical Confidence Intervals for Regression Quantiles},
 volume = {14},
 year = {2005}
}
@article{Knight1998,
 author = {Keith Knight},
 journal = {The Annals of Statistics},
 number = {2},
 pages = {755-770},
 publisher = {Institute of Mathematical Statistics},
 title = {Limiting Distributions for $L_1$ Regression Estimators under General Conditions},
 volume = {26},
 year = {1998}
}
@book{koenker_quantile_2005,
	location = {Cambridge},
	title = {Quantile regression},
	volume = {38},
	series = {Econometric Society Monographs},
	pagetotal = {xvi+349},
	publisher = {Cambridge University Press},
	author = {Koenker, Roger},
	year = {2005}
}
@article{Pollard1991,
 author = {David Pollard},
 journal = {Econometric Theory},
 number = {2},
 pages = {186-199},
 publisher = {Cambridge University Press},
 title = {Asymptotics for Least Absolute Deviation Regression Estimators},
 volume = {7},
 year = {1991}
}
@article{LiangZeger1986,
author = {Liang, Kung-Yee and Zeger, Scott L.},
title = {Longitudinal data analysis using generalized linear models},
journal = {Biometrika},
volume = {73},
number = {1},
pages = {13-22},
year = {1986}
}
@article{LiuWu2011,
author = { Yufeng   Liu  and  Yichao   Wu },
title = {Simultaneous multiple non-crossing quantile regression estimation using kernel constraints},
journal = {Journal of Nonparametric Statistics},
volume = {23},
number = {2},
pages = {415-437},
year = {2011}
}
@Manual{copulaManula,
    title = {copula: Multivariate Dependence with Copulas},
    author = {Marius Hofert and Ivan Kojadinovic and Martin Maechler
      and Jun Yan},
    year = {2017},
    note = {R package version 0.999-18}
}
@Article{copulaPaper,
    title = {Enjoy the Joy of Copulas: With a Package {copula}},
    author = {{Jun Yan}},
    journal = {Journal of Statistical Software},
    year = {2007},
    volume = {21},
    number = {4},
    pages = {1--21}
}
@article{geraci_quantile_2007,
	title = {Quantile regression for longitudinal data using the asymmetric Laplace distribution},
	volume = {8},
	pages = {140--154},
	number = {1},
	journal= {Biostatistics},
	author = {Geraci, M. and Bottai, M.},
	year = {2007}
}
@Article{Geraci2014,
author="Geraci, Marco
and Bottai, Matteo",
title="Linear quantile mixed models",
journal="Statistics and Computing",
year="2014",
volume="24",
number="3",
pages="461--479",
issn="1573-1375",
doi="10.1007/s11222-013-9381-9"
}
@article{Jung1996,
author = { Sin-Ho   Jung },
title = {Quasi-Likelihood for Median Regression Models},
journal = {Journal of the American Statistical Association},
volume = {91},
number = {433},
pages = {251-257},
year  = {1996},
publisher = {Taylor \& Francis}
}
@Inbook{Chen2004,
author= { Chen, Li and Wei, Lee-Jen and Parzen, Michael I.},
editor= {  Lin, D. Y. and Heagerty, P. J.},
title={ Quantile Regression for Correlated Observations},
bookTitle={ Proceedings of the Second Seattle Symposium in Biostatistics: Analysis of Correlated Data},
year={ 2004},
publisher={ Springer New York},
address={ New York, NY},
pages={51--69},
isbn={978-1-4419-9076-1},
doi={10.1007/978-1-4419-9076-1_4}
}
@article{FuWang2012,
title = "Quantile regression for longitudinal data with a working correlation model",
journal = "Computational Statistics \& Data Analysis",
volume = "56",
number = "8",
pages = "2526 - 2538",
year = "2012",
issn = "0167-9473",
doi = "https://doi.org/10.1016/j.csda.2012.02.005",
author = "Liya Fu and You-Gan Wang"
}
@Article{LuFan2015,author="Lu, Xiaoming
and Fan, Zhaozhi",
title="Weighted quantile regression for longitudinal data",
journal="Computational Statistics",
year="2015",
month="Jun",
day="01",
volume="30",
number="2",
pages="569--592",
issn="1613-9658",
doi="10.1007/s00180-014-0550-x"
}
@ARTICLE{White1980,
title = {A Heteroskedasticity-Consistent Covariance Matrix Estimator and a Direct Test for Heteroskedasticity},
author = {White, Halbert},
year = {1980},
journal = {Econometrica},
volume = {48},
number = {4},
pages = {817-38}
}

@book{white2001,
  title={Asymptotic Theory for Econometricians},
  author={White, H.},
  isbn={9780127466521},
  lccn={00107735},
  series={Economic theory, econometrics, and mathematical economics},
  year={2001},
  publisher={Academic Press}
}
@article {davis1991,
author = {Davis, Charles S.},
title = {Semi-parametric and non-parametric methods for the analysis of repeated measurements with applications to clinical trials},
journal = {Statistics in Medicine},
volume = {10},
number = {12},
publisher = {Wiley Subscription Services, Inc., A Wiley Company},
issn = {1097-0258},
doi = {10.1002/sim.4780101210},
pages = {1959--1980},
year = {1991},
}
@article{Azzalini85,
 ISSN = {03036898, 14679469},
 author = {A. Azzalini},
 journal = {Scandinavian Journal of Statistics},
 number = {2},
 pages = {171--178},
 publisher = {[Board of the Foundation of the Scandinavian Journal of Statistics, Wiley]},
 title = {A Class of Distributions Which Includes the Normal Ones},
 volume = {12},
 year = {1985}
}
@article{Pan2001,
issn = "0006-341X",
journal = "Biometrics",
pages = "120--125",
volume = "57",
publisher = "Blackwell Publishing Ltd",
number = "1",
year = "2001",
title = "Akaike's Information Criterion in Generalized Estimating Equations",
address = "Oxford, UK",
author = "Pan, Wei",
month = "March",
}

@article{LengZhang2014,
issn = "0960-3174",
journal = "Statistics and Computing",
pages = "123--136",
volume = "24",
publisher = "Springer US",
number = "1",
year = "2014",
title = "Smoothing combined estimating equations in quantile regression for longitudinal data",
language = "eng",
address = "Boston",
author = "Leng, Chenlei and Zhang, Weiping",
month = "January",
}

@misc{Jang2011,
publisher = "ProQuest Dissertations Publishing",
isbn = "9781267152343",
year = "2011",
title = "Working correlation selection in generalized estimating equations",
language = "eng",
author = "Jang, Mi",
month = "January",
}
@Manual{RCoreTeam2018,
  title = {R: A Language and Environment for Statistical Computing},
  author = {{R Core Team}},
  organization = {R Foundation for Statistical Computing},
  address = {Vienna, Austria},
  year = {2018}
}
@article{Lovering1888,
 ISSN = {01999818},
 author = {Joseph Lovering},
 journal = {Proceedings of the American Academy of Arts and Sciences},
 pages = {185--201},
 publisher = {American Academy of Arts & Sciences},
 title = {The "Mécanique Céleste" of Laplace, and Its Translation, with a Commentary by Bowditch},
 volume = {24},
 year = {1888}
}
@article{Galton1886,
 ISSN = {09595295},
 author = {Francis Galton},
 journal = {The Journal of the Anthropological Institute of Great Britain and Ireland},
 pages = {246--263},
 publisher = {[Royal Anthropological Institute of Great Britain and Ireland, Wiley]},
 title = {Regression Towards Mediocrity in Hereditary Stature.},
 volume = {15},
 year = {1886}
}
}
@article{Barrodale1973,
ISSN = {00361429},
author = {Barrodale, Roberts F. D. K.},
journal = {SIAM Journal on Numerical Analysis},
number = {5},
pages = {839-848},
publisher = {Society for Industrial and Applied Mathematics},
title = {An Improved Algorithm for Discrete $l_1$ Linear Approximation},
volume = {10},
 year = {1973}
}
@article{Koenker_DOrey1987,
 ISSN = {00359254, 14679876},
 author = {Koenker, Roger and Vasco, D'Orey},
 journal = {Journal of the Royal Statistical Society. Series C (Applied Statistics)},
 number = {3},
 pages = {383-393},
 publisher = {[Wiley, Royal Statistical Society]},
 title = {Algorithm AS 229: Computing Regression Quantiles},
 volume = {36},
 year = {1987}
}
@Article{Mkhadri2017,
author="Mkhadri, Abdallah and Ouhourane, Mohamed and Oualkacha, Karim",
title="A coordinate descent algorithm for computing penalized smooth quantile regression",
journal="Statistics and Computing",
year="2017",
month="Jul",
day="01",
volume="27",
number="4",
pages="865--883",
issn="1573-1375",
doi="10.1007/s11222-016-9659-9"
}
@article{KoenkerBassett1982,
 ISSN = {00129682, 14680262},
 author = {Roger Koenker and Gilbert Bassett},
 journal = {Econometrica},
 number = {6},
 pages = {1577--1583},
 publisher = {[Wiley, Econometric Society]},
 title = {Tests of Linear Hypotheses and $l_1$ Estimation},
 volume = {50},
 year = {1982}
}
@article{KoenkerMachado1999,
issn = "0162-1459",
journal = "Journal of the American Statistical Association",
pages = "1296--1310",
volume = "94",
publisher = "Taylor & Francis Group",
number = "448",
year = "1999",
title = "Goodness of Fit and Related Inference Processes for Quantile Regression",
author = "Koenker, Roger and Machado, José A. F.",
keywords = "Bessel Process ; Goodness Of Fit ; Quantile Regression ; Rank Test ; Regression Rankscores.",
month = "December",
}
@article{KocherginskyMasha2005,
issn = "1061-8600",
journal = "Journal of Computational and Graphical Statistics",
pages = "41--55",
volume = "14",
publisher = "Taylor & Francis",
number = "1",
year = "2005",
title = "Practical Confidence Intervals for Regression Quantiles",
language = "eng",
author = "Kocherginsky, Masha and He, Xuming and Mu, Yunming",
keywords = "Confidence Interval ; Markov Chain Marginal Bootstrap ; Regression Quantile ; Standard Error",
month = "March",
}
@article{buchinsky_recent_1998,
	title = {Recent advances in quantile regression models: A practical guideline for empirical research},
	volume = {33},
	pages = {88--126},
	number = {1},
	journal= {Journal of Human Resources},
	author = {Buchinsky, M.},
	year = {1998},
	note = {cited By (since 1996)353}
}
@article{powell_censored_1986,
	title = {Censored regression quantiles},
	volume = {32},
	issn = {0304-4076},
	pages = {143--155},
	number = {1},
	journal= {Journal of Econometrics},
	author = {Powell, James L.},
	year = {1986}
}
@article{machado_quantiles_2005,
	title = {Quantiles for Counts},
	volume = {100},
	issn = {0162-1459},
	pages = {1226--1237},
	number = {472},
	journal= {Journal of the American Statistical Association},
	shortjournal = {Journal of the American Statistical Association},
	author = {Machado, José A. F. and Silva, J. M. C. Santos},
	year = {2005}
}
@article{koenker_quantile_2001,
	title = {Quantile regression},
	volume = {15},
	pages = {143--156},
	number = {4},
	journal= {Journal of Economic Perspectives},
	author = {Koenker, R. and Hallock, K.F.},
	year = {2001},
	note = {cited By (since 1996)733}
}
@article{fitzenberger_moving_1998,
	title = {The moving blocks bootstrap and robust inference for linear least squares and quantile regressions},
	volume = {82},
	pages = {235--287},
	number = {2},
	journal= {Journal of Econometrics},
	author = {Fitzenberger, B.},
	year = {1998},
	note = {cited By (since 1996)55}
}
@article{koenker_quantile_2004,
	title = {Quantile regression for longitudinal data},
	volume = {91},
	issn = {0047-259X},
	doi = {10.1016/j.jmva.2004.05.006},
	series = {Special Issue on Semiparametric and Nonparametric Mixed Models},
	pages = {74--89},
	number = {1},
	journal= {Journal of Multivariate Analysis},
	shortjournal = {Journal of Multivariate Analysis},
	author = {Koenker, Roger},
	year = {2004},
	keywords = {Hierarchical models, L-statistics, Penalty methods, Quantile regression, Random effects, Robust estimation, Shrinkage},
}
@article{canay_simple_2011,
	title = {A simple approach to quantile regression for panel data},
	volume = {14},
	rights = {© 2011 The Author(s). The Econometrics Journal © 2011 Royal Economic Society.},
	issn = {1368-423X},
	doi = {10.1111/j.1368-423X.2011.00349.x},
	pages = {368--386},
	number = {3},
	journal= {The Econometrics Journal},
	author = {Canay, Ivan A.},
	year = {2011},
	langid = {english},
	keywords = {Deconvolution, Panel data models, Quantile regression, Two-step estimator},
}
@article{harding_quantile_2009,
	title = {A quantile regression approach for estimating panel data models using instrumental variables},
	volume = {104},
	pages = {133--135},
	number = {3},
	journal= {Economics Letters},
	author = {Harding, M. and Lamarche, C.},
	year = {2009},
	note = {cited By (since 1996)7}
}

@article{lamarche_robust_2010,
	title = {Robust penalized quantile regression estimation for panel data},
	volume = {157},
	issn = {0304-4076},
	doi = {10.1016/j.jeconom.2010.03.042},
	pages = {396--408},
	number = {2},
	journal= {Journal of Econometrics},
	shortjournal = {Journal of Econometrics},
	author = {Lamarche, Carlos},
	year = {2010},
	keywords = {Individual effects, Panel data, Quantile regression, Robust, Shrinkage},
}
@article{galvao_penalized_2010,
	title = {Penalized quantile regression for dynamic panel data},
	volume = {140},
	pages = {3476--3497},
	number = {11},
	journal= {Journal of Statistical Planning and Inference},
	author = {Galvao, A.F. and Montes-Rojas, G.V.},
	year = {2010},
	note = {cited By (since 1996)5}
}
@article{galvao_2011,
	title = {Quantile regression for dynamic panel data with fixed effects},
	volume = {164},
	pages = {142--157},
	number = {1},
	journal= {Journal of Econometrics},
	author = {Galvao, A.F.},
	year = {2011},
	note = {cited By (since 1996)9}
}
@article{MarinoFarcomeni2015,
  Author = {Farcomeni, Alessio and Marino, Maria Francesca},
  Title = {Linear quantile regression models for longitudinal experiments: an overview},
  Journal = {METRON},
  Volume = {73},
  Number = {2},
  Year = {2015},
  Pages = {229--247}
}
@article{Kneib2013,
author = {Thomas Kneib},
title ={Rejoinder},
journal = {Statistical Modelling},
volume = {13},
number = {4},
pages = {373-385},
year = {2013},
doi = {10.1177/1471082X13494531}
}
@article{Koenker2013,
author = {Roger Koenker},
title ={Discussion: Living beyond our means},
journal = {Statistical Modelling},
volume = {13},
number = {4},
pages = {323-333},
year = {2013},
doi = {10.1177/1471082X13494314}
}
@article{yao_asymmetric_1996,
	title = {Asymmetric least squares regression estimation: A nonparametric approach},
	volume = {6},
	issn = {1048-5252},
	doi = {10.1080/10485259608832675},
	shorttitle = {Asymmetric least squares regression estimation},
	pages = {273--292},
	number = {2},
	journal= {Journal of Nonparametric Statistics},
	author = {Yao, Qiwli and Tong, Howell},
	year = {1996}
}
@article{waltrup_expectile_2014,
author = {Waltrup, Linda Schulze and Sobotka, Fabian and Kneib, Thomas and Kauermann, Göran}, 
title = {Expectile and quantile regression—David and Goliath?},
year = {2015}, 
journal = {Statistical Modelling} 
}
 @article{Koenker_Exp_Quant1993,
 author = {Roger Koenker},
 journal = {Econometric Theory},
 number = {3},
 pages = {526-527},
 publisher = {Cambridge University Press},
 title = {When Are Expectiles Percentiles?},
 volume = {9},
 year = {1993}
}
@article{Robinson1991,
 ISSN = {08834237},
 author = {G. K. Robinson},
 journal = {Statistical Science},
 number = {1},
 pages = {15--32},
 publisher = {Institute of Mathematical Statistics},
 title = {That BLUP is a Good Thing: The Estimation of Random Effects},
 volume = {6},
 year = {1991}
}
@book{Hastie2001,
  title={The Elements of Statistical Learning: Data Mining, Inference, and Prediction},
  author={Hastie, T. and Tibshirani, R. and Friedman, J.H.},
  isbn={9780387952840},
  lccn={20031433},
  series={Springer series in statistics},
  year={2001},
  publisher={Springer}
}

@article{WangHansheng2007,
issn = "0162-1459",
journal = "Journal of the American Statistical Association",
pages = "1039--1048",
volume = "102",
publisher = "Taylor & Francis",
number = "479",
year = "2007",
title = "Unified LASSO Estimation by Least Squares Approximation",
language = "eng",
author = "Wang, Hansheng and Leng, Chenlei",
keywords = "Adaptive Lasso ; Bayes Information Criterion ; Lasso ; Least Angle Regression ; Least Squares Approximation ; Microarray Data ; Oracle Property ; Solution Path",
month = "September",
}
@article{WangHansheng2007b,
issn = "0006-3444",
journal = "Biometrika",
pages = "553--568",
volume = "94",
publisher = "Oxford University Press",
number = "3",
year = "2007",
title = "Tuning parameter selectors for the smoothly clipped absolute deviation method",
author = "Wang, Hansheng and Li, Runze and Tsai, Chih-Ling",
}
@article{WangHansheng2007a,
issn = "0735-0015",
journal = "Journal of Business \& Economic Statistics",
pages = "347--355",
volume = "25",
publisher = "Taylor & Francis",
number = "3",
year = "2007",
title = "Robust Regression Shrinkage and Consistent Variable Selection Through the LAD-Lasso",
language = "eng",
author = "Wang, Hansheng and Li, Guodong and Jiang, Guohua",
month = "July",
}
@article{HunterLange2000,
 ISSN = {10618600},
 author = {David R. Hunter and Kenneth Lange},
 journal = {Journal of Computational and Graphical Statistics},
 number = {1},
 pages = {60--77},
 publisher = {[American Statistical Association, Taylor & Francis, Ltd., Institute of Mathematical Statistics, Interface Foundation of America]},
 title = {Quantile Regression via an MM Algorithm},
 volume = {9},
 year = {2000}
}
@article{Li2011,
author = {Li, Chenxi and Wei, Ying and Chappell, Rick and He, Xuming},
title = {Bent Line Quantile Regression with Application to an Allometric Study of Land Mammals' Speed and Mass},
journal = {Biometrics},
volume = {67},
number = {1},
pages = {242-249},
keywords = {Bahadur representation, Bootstrap, Change-point, Piecewise linear, Profile estimation},
doi = {10.1111/j.1541-0420.2010.01436.x},
eprint = {https://onlinelibrary.wiley.com/doi/pdf/10.1111/j.1541-0420.2010.01436.x},
 year = {2011}
}
@article{FriedmanHastieTibshirani2010,
   author = {Jerome Friedman and Trevor Hastie and Rob Tibshirani},
   title = {Regularization Paths for Generalized Linear Models via Coordinate Descent},
   journal = {Journal of Statistical Software, Articles},
   volume = {33},
   number = {1},
   year = {2010},
   keywords = {},
   issn = {1548-7660},
   pages = {1--22},
   doi = {10.18637/jss.v033.i01}
}
@article{Tibshirani1996,
 ISSN = {00359246},
 author = {Robert Tibshirani},
 journal = {Journal of the Royal Statistical Society. Series B (Methodological)},
 number = {1},
 pages = {267--288},
 publisher = {[Royal Statistical Society, Wiley]},
 title = {Regression Shrinkage and Selection via the Lasso},
 volume = {58},
 year = {1996}
}
@book{HardinHilbe2003,
  title={Generalized Estimating Equations, Second Edition},
  author={Hardin, J.W. and Hilbe, J.M.},
  isbn={9781439881149},
  year={2012},
  publisher = "Chapman \& Hall/CRC",
}

@book{McCullagh1989,
  author = {McCullagh, P. and Nelder, J.A.},
  isbn = {9780412317606},
  keywords = {GLM reference statistics},
  lccn = {99013896},
  publisher = {Chapman \& Hall},
  series = {Chapman and Hall/CRC Monographs on Statistics and Applied Probability Series},
  title = {Generalized Linear Models, Second Edition},
  year = 1989
}

@book{Greene2011,
publisher = "Prentice Hall",
isbn = "0130661899",
year = "2011",
title = "Econometric analysis",
edition = "7th ed..",
language = "eng",
address = "Upper Saddle River, N.J.",
author = "Greene, William H.",
keywords = "Économétrie",
lccn = "2002029308",
}
@ARTICLE{Arellano1987,
title = {Computing Robust Standard Errors for Within-Groups Estimators},
author = {Arellano, Manuel},
year = {1987},
journal = {Oxford Bulletin of Economics and Statistics},
volume = {49},
number = {4},
pages = {431-34}
}
@BOOK{Hsiao2015,
title = {Analysis of Panel Data},
author = {Hsiao, Cheng},
year = {2015},
publisher = {Cambridge University Press}
}
@BOOK{Arellano2003,
title = {Panel Data Econometrics},
author = {Arellano, Manuel},
year = {2003},
publisher = {Oxford University Press}
}
@BOOK{CameronTrivedi2005,
title = {Microeconometrics},
author = {Cameron, A. and Trivedi, Pravin},
year = {2005},
publisher = {Cambridge University Press}
}
@book{VerbekeMolenberghs2008,
  title={Linear Mixed Models for Longitudinal Data},
  author={Verbeke, G. and Molenberghs, G.},
  isbn={9780387227757},
  lccn={00026596},
  series={Springer Series in Statistics},
  year={2008},
  publisher={Springer New York}
}
@article{Henderson_1950,
	title = {Estimation of Genetic Parameters (Abstract)},
	volume = {21},
	journal = {Ann. Math. Statist.},
	author = {C. Henderson,},
	year = {1950},
	pages = {309--310}
}

@article{Muff2016,
author = {Muff Stefanie and Held Leonhard and Keller Lukas F.},
title = {Marginal or conditional regression models for correlated non‐normal data?},
journal = {Methods in Ecology and Evolution},
volume = {7},
number = {12},
year = {2016},
pages = {1514-1524},
keywords = {attenuation, Berkson measurement error, conditional model, generalized estimating equations, generalized linear mixed model, omitted covariates, Simpson's paradox},
doi = {10.1111/2041-210X.12623}
}
@article{LeeNeider2004,
 ISSN = {08834237},
 author = {Youngjo Lee and John A. Nelder},
 journal = {Statistical Science},
 number = {2},
 pages = {219--228},
 publisher = {Institute of Mathematical Statistics},
 title = {Conditional and Marginal Models: Another View},
 volume = {19},
 year = {2004}
}
@book{Greene2012,
publisher = "Prentice Hall",
isbn = "9780131395381",
year = "2012",
title = "Econometric analysis",
edition = "7th ed..",
language = "eng",
address = "Boston : Montréal",
author = "Greene, William H.",
keywords = "Économétrie",
lccn = "2010050532",
}
@article {YinCai2005,
author = {Yin, Guosheng and Cai, Jianwen},
title = {Quantile Regression Models with Multivariate Failure Time Data},
journal = {Biometrics},
volume = {61},
number = {1},
publisher = {Blackwell Publishing},
issn = {1541-0420},
doi = {10.1111/j.0006-341X.2005.030815.x},
pages = {151--161},
keywords = {Bootstrap, Correlation, Estimating equations, Kaplan–Meier estimator, Perturbation, Regression quantile},
year = {2005},
}
@Book{Wooldridge2002,
  author={Jeffrey M. Wooldridge},
  title={{Econometric Analysis of Cross Section and Panel Data}},
  publisher={The MIT Press},
  year=2002,
  month={},
  volume={1},
  number={0262232197},
  series={MIT Press Books}
}
@book{baltagi2008,
  title={Econometric Analysis of Panel Data},
  author={Baltagi, Badi},
  isbn={9780470518861},
  lccn={2008004962},
  year={2008},
  publisher={John Wiley \& Sons}
}
@book{CameronTrivedi2010,
 author = {Cameron, A. Colin and Trivedi, Pravin K},
 title = {Microeconometrics Using Stata},
 year = {2008},
 isbn = {1597180483, 9781597180481},
 edition = {1st},
 publisher = {Stata Press},
} 
@ARTICLE{BaltagiKhantiAkom1990,
title = {On Efficient Estimation with Panel Data: An Empirical Comparison of Instrumental Variables Estimators},
author = {Baltagi, Badi and Khanti-Akom, Sophon},
year = {1990},
journal = {Journal of Applied Econometrics},
volume = {5},
number = {4},
pages = {401-06}
}

@article{kocherginskyPracticalConfidenceIntervals2005,
	title = {Practical {Confidence} {Intervals} for {Regression} {Quantiles}},
	volume = {14},
	issn = {1061-8600},
	url = {https://doi.org/10.1198/106186005X27563},
	doi = {10.1198/106186005X27563},
	number = {1},
	urldate = {2020-04-29},
	journal = {Journal of Computational and Graphical Statistics},
	author = {Kocherginsky, Masha and He, Xuming and Mu, Yunming},
	month = mar,
	year = {2005},
	keywords = {Confidence interval, Markov chain marginal bootstrap, Regression quantile, Standard error},
	pages = {41--55}
}

@article{YinCai2005a,
	title = {Quantile {Regression} {Models} with {Multivariate} {Failure} {Time} {Data}},
	volume = {61},
	issn = {1541-0420},
	url = {http://onlinelibrary.wiley.com/doi/abs/10.1111/j.0006-341X.2005.030815.x},
	doi = {https://doi.org/10.1111/j.0006-341X.2005.030815.x},
	language = {en},
	number = {1},
	urldate = {2020-11-27},
	journal = {Biometrics},
	author = {Yin, Guosheng and Cai, Jianwen},
	year = {2005},
	note = {\_eprint: https://onlinelibrary.wiley.com/doi/pdf/10.1111/j.0006-341X.2005.030815.x},
	keywords = {Bootstrap, Correlation, Estimating equations, Kaplan–Meier estimator, Perturbation, Regression quantile},
	pages = {151--161}
}


@ARTICLE{CornwellRupert1988,
title = {Efficient Estimation with Panel Data: An Empirical Comparison of Instrumental Variables Estimators},
author = {Cornwell, Christopher and Rupert, Peter},
year = {1988},
journal = {Journal of Applied Econometrics},
volume = {3},
number = {2},
pages = {149-55}
}
@ARTICLE{Card1996,
title = {The Effect of Unions on the Structure of Wages: A Longitudinal Analysis},
author = {Card, David},
year = {1996},
journal = {Econometrica},
volume = {64},
number = {4},
pages = {957-79}
}
@article{pollard_asymptotics_1991,
	title = {Asymptotics for {Least} {Absolute} {Deviation} {Regression} {Estimators}},
	volume = {7},
	issn = {0266-4666},
	number = {2},
	journal = {Econometric Theory},
	author = {Pollard, David},
	year = {1991},
	pages = {186--199}
}
@article{Bickel1975,
 ISSN = {01621459},
 author = {P. J. Bickel},
 journal = {Journal of the American Statistical Association},
 number = {350},
 pages = {428-434},
 publisher = {[American Statistical Association, Taylor & Francis, Ltd.]},
 title = {One-Step Huber Estimates in the Linear Model},
 volume = {70},
 year = {1975}
}
@article{ruppert_trimmed_1980,
	title = {Trimmed {Least} {Squares} {Estimation} in the {Linear} {Model}},
	volume = {75},
	issn = {0162-1459},
	doi = {10.2307/2287169},
	number = {372},
	journal = {Journal of the American Statistical Association},
	author = {Ruppert, David and Carroll, Raymond J.},
	year = {1980},
	pages = {828--838}
}
@article{Lancaster2000,
title = "The incidental parameter problem since 1948",
journal = "Journal of Econometrics",
volume = "95",
number = "2",
pages = "391 - 413",
year = "2000",
issn = "0304-4076",
doi = "https://doi.org/10.1016/S0304-4076(99)00044-5",
author = "Tony Lancaster",
keywords = "Incidental parameters, Bayes, Nuisance parameters, Maximum likelihood"
}
@article{NeymanScott1948,
 ISSN = {00129682, 14680262},
 author = {J. Neyman and Elizabeth L. Scott},
 journal = {Econometrica},
 number = {1},
 pages = {1--32},
 publisher = {[Wiley, Econometric Society]},
 title = {Consistent Estimates Based on Partially Consistent Observations},
 volume = {16},
 year = {1948}
}

@InProceedings{Leeuw1994,
author="de Leeuw, Jan",
editor="Bock, Hans-Hermann and Lenski, Wolfgang and Richter, Michael M.",
title="Block-relaxation Algorithms in Statistics",
booktitle="Information Systems and Data Analysis",
year="1994",
publisher="Springer Berlin Heidelberg",
address="Berlin, Heidelberg",
pages="308--324",
isbn="978-3-642-46808-7"
}
@book{lange2013,
  title={Optimization},
  author={Lange, K.},
  isbn={9780387203324},
  series={Springer Texts in Statistics},
  year={2013},
  publisher={Springer}
}
@article{WuLange2008,
author = "Wu, Tong Tong and Lange, Kenneth",
doi = "10.1214/07-AOAS147",
fjournal = "The Annals of Applied Statistics",
journal = "Ann. Appl. Stat.",
month = "03",
number = "1",
pages = "224--244",
publisher = "The Institute of Mathematical Statistics",
title = "Coordinate descent algorithms for lasso penalized regression",
volume = "2",
year = "2008"
}
@Article{Tseng2001,
author="Tseng, P.",
title="Convergence of a Block Coordinate Descent Method for Nondifferentiable Minimization",
journal="Journal of Optimization Theory and Applications",
year="2001",
month="Jun",
day="01",
volume="109",
number="3",
pages="475--494",
issn="1573-2878",
doi="10.1023/A:1017501703105"
}

@article{asymHimBarry2019,
	title = {Asymmetric influence measure for high dimensional regression},
	volume = {0},
	issn = {0361-0926},
	url = {https://doi.org/10.1080/03610926.2020.1841793},
	doi = {10.1080/03610926.2020.1841793},
	number = {0},
	urldate = {2020-11-16},
	journal = {Communications in Statistics - Theory and Methods},
	author = {Barry, Amadou and Bhagwat, Nikhil and Misic, Bratislav and Poline, Jean-Baptiste and Greenwood, Celia M. T.},
	month = nov,
	year = {2020}
}

@article{GEEE_Barry2020,
	title = {A new {GEE} method to account for heteroscedasticity, using asymmetric least-square regressions},
	url = {http://arxiv.org/abs/1810.09214},
	urldate = {2021-01-05},
	journal = {arXiv:1810.09214 [stat]},
	author = {Barry, Amadou and Oualkacha, Karim and Charpentier, Arthur},
	year = {2020},
	note = {arXiv: 1810.09214},
	keywords = {Statistics - Methodology}
}

@article{knight_asymptotics_2000,
	title = {Asymptotics for {Lasso}-{Type} {Estimators}},
	volume = {28},
	issn = {0090-5364},
	number = {5},
	journal = {The Annals of Statistics},
	author = {Knight, Keith and Fu, Wenjiang},
	year = {2000},
	pages = {1356--1378}
}

@article {Koop_Tobias2004,
author = {Koop, Gary and Tobias, Justin L.},
title = {Learning about heterogeneity in returns to schooling},
journal = {Journal of Applied Econometrics},
volume = {19},
number = {7},
publisher = {John Wiley & Sons, Ltd.},
pages = {827--849},
year = {2004},
}
@article{ZouHastie2005,
author = {Zou Hui and Hastie Trevor},
title = {Regularization and variable selection via the elastic net},
journal = {Journal of the Royal Statistical Society: Series B (Statistical Methodology)},
volume = {67},
number = {2},
pages = {301-320},
year = {2005},
keywords = {Grouping effect, LARS algorithm, Lasso, Penalization, p≫n problem, Variable selection},
doi = {10.1111/j.1467-9868.2005.00503.x}
}
@book{HeskethSkrondal2008,
 author = {Rabe-Hesketh, Sophia and Skrondal, Anders},
 title = {Multilevel and Longitudinal Modeling Using Stata, Second Edition},
 year = {2008},
 isbn = {1597180408, 9781597180405},
 edition = {2nd},
 publisher = {Stata Press}
}

@Manual{rsoftware,
    title = {R: A Language and Environment for Statistical Computing},
    author = {{R Core Team}},
    organization = {R Foundation for Statistical Computing},
    address = {Vienna, Austria},
    year = {2017},
    url = {https://www.R-project.org/},
  }

 @Manual{quantreg,
    title = {quantreg: Quantile Regression},
    author = {Roger Koenker},
    year = {2018},
    note = {R package version 5.36},
    url = {https://CRAN.R-project.org/package=quantreg},
}
  
  
@Manual{expectreg,
    title = {expectreg: Expectile and Quantile Regression},
    author = {Fabian Sobotka and Sabine Schnabel and Linda Schulze Waltrup and Paul Eilers and Thomas Kneib and Goeran Kauermann},
    year = {2014},
    note = {R package version 0.39},
}
  
@Manual{rqpd,
    title = {rqpd: Regression Quantiles for Panel Data},
    author = {Roger Koenker and Stefan Holst Bache},
    year = {2014},
    note = {R package version 0.6/r10},
    url = {https://R-Forge.R-project.org/projects/rqpd/},
  }
 
@Inbook{Lemieux2006,
author="Lemieux, Thomas",
editor="Grossbard, Shoshana",
title="The ``Mincer Equation'' Thirty Years After Schooling, Experience, and Earnings",
bookTitle="Jacob Mincer A Pioneer of Modern Labor Economics",
year="2006",
publisher="Springer US",
address="Boston, MA",
pages="127--145",
isbn="978-0-387-29175-8",
doi="10.1007/0-387-29175-X_11",
url="https://doi.org/10.1007/0-387-29175-X_11"
}

@article{HausmanTaylor1981,
 ISSN = {00129682, 14680262},
 URL = {http://www.jstor.org/stable/1911406},
 author = {Jerry A. Hausman and William E. Taylor},
 journal = {Econometrica},
 number = {6},
 pages = {1377--1398},
 publisher = {[Wiley, Econometric Society]},
 title = {Panel Data and Unobservable Individual Effects},
 volume = {49},
 year = {1981}
}
@article{Gardiner2009,
author = {Gardiner, Joseph C. and Luo, Zhehui and Roman, Lee Anne},
title = {Fixed effects, random effects and GEE: What are the differences?},
journal = {Statistics in Medicine},
volume = {28},
number = {2},
pages = {221-239},
keywords = {linear mixed model, generalized linear mixed model, random effects, fixed effects, robust variance, conditional maximum likelihood, Hausman test, CES-D},
doi = {10.1002/sim.3478},
url = {https://onlinelibrary.wiley.com/doi/abs/10.1002/sim.3478},
eprint = {https://onlinelibrary.wiley.com/doi/pdf/10.1002/sim.3478},
year = {2009}
}
@article{SchempfKaufman2012,
title = "Accounting for context in studies of health inequalities: a review and comparison of analytic approaches",
journal = "Annals of Epidemiology",
volume = "22",
number = "10",
pages = "683 - 690",
year = "2012",
issn = "1047-2797",
doi = "https://doi.org/10.1016/j.annepidem.2012.06.105",
url = "http://www.sciencedirect.com/science/article/pii/S1047279712002955",
author = "Ashley H. Schempf and Jay S. Kaufman",
keywords = "Health status disparities, Minority health, Residence characteristics, Multilevel analysis, Econometric models, Statistical models, Gestational age, Preterm birth"
}
@article{Dieleman2014,
    author = {Dieleman, Joseph L. AND Templin, Tara},
    journal = {PLOS ONE},
    publisher = {Public Library of Science},
    title = {Random-Effects, Fixed-Effects and the within-between Specification for Clustered Data in Observational Health Studies: A Simulation Study},
    year = {2014},
    month = {10},
    volume = {9},
    pages = {1-17},
    number = {10},
    doi = {10.1371/journal.pone.0110257}
}
@article{GuZou2016,
author = "Gu, Yuwen and Zou, Hui",
doi = "10.1214/15-AOS1431",
fjournal = "The Annals of Statistics",
journal = "Ann. Statist.",
month = "12",
number = "6",
pages = "2661--2694",
publisher = "The Institute of Mathematical Statistics",
title = "High-dimensional generalizations of asymmetric least squares regression and their applications",
url = "https://doi.org/10.1214/15-AOS1431",
volume = "44",
year = "2016"
}
@Inbook{KoenkerBilias2002,
author="Koenker, Roger and Bilias, Yannis",
editor="Fitzenberger, Bernd
and Koenker, Roger
and Machado, Jos{\'e} A. F.",
title="Quantile regression for duration data: A reappraisal of the Pennsylvania Reemployment Bonus Experiments",
bookTitle="Economic Applications of Quantile Regression",
year="2002",
publisher="Physica-Verlag HD",
address="Heidelberg",
pages="199--220",
isbn="978-3-662-11592-3",
doi="10.1007/978-3-662-11592-3_10",
url="https://doi.org/10.1007/978-3-662-11592-3_10"
}
@Article{FitzenbergerWilke2006,
author="Fitzenberger, Bernd and Wilke, Ralf A.",
title="Using quantile regression for duration analysis",
journal="Allgemeines Statistisches Archiv",
year="2006",
month="Mar",
day="01",
volume="90",
number="1",
pages="105--120",
issn="1614-0176",
doi="10.1007/s10182-006-0224-2"
}
@book{rothman2008modern,
  title={Modern Epidemiology},
  author={Rothman, K.J. and Greenland, S. and Lash, T.L.},
  isbn={9780781755641},
  lccn={2007036316},
  year={2008},
  publisher={Wolters Kluwer Health/Lippincott Williams \& Wilkins}
}
@Article{AbdousRemillard1995,
author="Abdous, Belkacem
and Remillard, Bruno",
title="Relating quantiles and expectiles under weighted-symmetry",
journal="Annals of the Institute of Statistical Mathematics",
year="1995",
month="Jun",
day="01",
volume="47",
number="2",
pages="371--384",
issn="1572-9052",
doi="10.1007/BF00773468",
url="https://doi.org/10.1007/BF00773468"
}

@Book{KoenkerChernozhukovHePeng2018,
title = { Handbook of quantile regression },
author = { Koenker, Roger, 1947-, (editor.) and Chernozhukov, Victor, (editor.) and He, Xuming, (editor.) and Peng, Limin, (editor.) },
publisher = { Boca Raton : CRC Press, Taylor & Francis Group },
year = { 2018 },
type = { Book; Book/Illustrated },
isbn = { 9781498725286 (hardback) },
subjects = { Quantile regression; Regression analysis },
language = { English },
note = { "A Chapman & Hall book." }
}

