@misc{morales2021covid19,
      title={COVID-19 Tests Gone Rogue: Privacy, Efficacy,Mismanagement and Misunderstandings}, 
      author={Manuel Morales and Rachel Barbar and Darshan Gandhi and Sanskruti Landuge and Joseph Bae and Arpita Vats and Jil Kothari and Sheshank Shankar and Rohan Sukumaran and Himi Mathur and Krutika Misra and Aishwarya Saxena and Parth Patwa and Sethuraman T. V. and Maurizio Arseni and Shailesh Advani and Kasia Jakimowicz and Sunaina Anand and Priyanshi Katiyar and Ashley Mehra and Rohan Iyer and Srinidhi Murali and Aryan Mahindra and Mikhail Dmitrienko and Saurish Srivastava and Ananya Gangavarapu and Steve Penrod and Vivek Sharma and Abhishek Singh and Ramesh Raskar},
      year={2021},
      eprint={2101.01693},
      archivePrefix={arXiv},
      primaryClass={cs.CY}
}
@misc{bae2020challenges,
      title={Challenges of Equitable Vaccine Distribution in the COVID-19 Pandemic}, 
      author={Joseph Bae and Darshan Gandhi and Jil Kothari and Sheshank Shankar and Jonah Bae and Parth Patwa and Rohan Sukumaran and Sethuraman T. V. and Krutika Mishra and Srinidhi Murali and Aishwariya Saxena and Kasia Jakimowicz and Vivek Sharma and Rohan Iyer and Ashley Mehra and Alex Radunsky and Priyanshi Katiyar and Sunaina Anand and Shailesh Advani and Jagjit Dhaliwal and Ramesh Raskar},
      year={2020},
      eprint={2012.12263},
      archivePrefix={arXiv},
      primaryClass={econ.GN}
}

@manual{IIS,
  title  = "About Immunization Information Systems (IIS)",
  author="Center for Disease Control (CDC)",
  note   = "\url{https://www.cdc.gov/vaccines/programs/iis/about.html}",
  year   = "2020"
}

@manual{VAMS,
    title = "VAMS | COVID-19 Vaccination Reporting Systems | CDC",
  author="Center for Disease Control (CDC)",
  note   = "\url{https://www.cdc.gov/vaccines/covid-19/reporting/vams/index.html}",
  year   = "2020"
}

@manual{VAERS,
  title  = "VAERS | Vaccine Safety | CDC",
  author="Center for Disease Control (CDC)",
  note   = "\url{https://www.cdc.gov/vaccinesafety/ensuringsafety/monitoring/vaers/index.html}",
  year   = "2020"
}

@misc{crypt,
      title={Safepaths: Vaccine Diary Protocol and Decentralized Vaccine Coordination System using a Privacy Preserving User Centric Experience}, 
      author={Abhishek Singh and Ramesh Raskar and Anna Lysyanskaya},
      year={2020}
}




@Article{Palamenghi2020,
author={Lorenzo Palamenghi
and Serena Barello
and Stefania Boccia
and Guendalina Graffigna},
title={Mistrust in biomedical research and vaccine hesitancy: the forefront challenge in the battle against COVID-19 in Italy},
journal={European journal of epidemiology},
year={2020},
month={Aug},
edition={2020/08/17},
publisher={Springer Netherlands},
volume={35},
number={8},
pages={785-788},
note={32808095[pmid]},
issn={1573-7284},
doi={10.1007/s10654-020-00675-8},
url={https://pubmed.ncbi.nlm.nih.gov/32808095},
language={eng}
}





@misc{webtrack,
      title={CDC COVID Data Tracker}, 
      author={Center for Disease Control and Prevention},
      year={2020}
}


@misc{vaccinetrack,
      title={Phased Allocation of COVID-19 Vaccines}, 
      author={Kathleen Dooling MD MPH},
      year={2020}
}

@misc{wp_article,
      title={Rapid development of a vaccine wonâ€™t help much if people refuse to take it}, 
      author={Saad B. Omer},
      year={2021}
}



@misc{JHU,
author={Eric Toner and Anne Barnill and Carleigh Krubiner and Justin Bernstein and Lois Privor-Dumm and Mathew Watson and Elena Martin and Christina Potter and Divya Hosangadi and Nancy Connell and Crystal Watson and Monica Schoch-Spana and Tener Goodwin Veenema and Diane Meyer and E. Lee Daugherty Biddison and Alan Regenberg and Tom Inglesby and Anita Cicero},
title={Interim Framework for COVID-19 Vaccine Allocation and Distribution in the United States},
year={2020},
month={Aug},
publisher={John Hopkins University},
pages={45},
url={https://www.centerforhealthsecurity.org/our-work/publications/interim-framework-for-covid-19-vaccine-allocation-and-distribut\\ion-in-the-us},
language={eng}
}

@misc{PMC, 
author = {Schoch-Spana M and Brunson EK and Long R and Ruth A and Ravi SJ and Trotochaud M and Borio L and Brewer J and Buccina J and Connell N and Hall LL and Kass N and Kirkland A and Koonin L and Larson H and Lu BF and Omer SB and Orenstein WA and Poland GA and Privor-Dumm L and Quinn SC and Salmon D and White A}, 
title = {The public's role in COVID-19 vaccination: Human-centered recommendations to enhance pandemic vaccine awareness, access, and acceptance in the United States. Vaccine.},
year = {2020},
month = {Oct},
doi={10.1016/j.vaccine.2020.10.059},
url ={https://www.ncbi.nlm.nih.gov/pmc/articles/PMC7598529/#b0160},
language = {eng}
}


@misc{hbr, 
title = {Rolling Out the Covid Vaccine Is a Huge IT Challenge}, 
author = {Joram Borenstein and Rebecca Weintraub}, 
url = {https://hbr.org/2020/12/rolling-out-the-covid-vaccine-is-a-huge-it-challenge},
year = {2020}
}

@misc{cdc1, 
title = {Using Telehealth to Expand Access to Essential Health Services during the COVID-19 Pandemic}, 
author = {Center for Disease Control and Prevention}, 
url = {https://www.cdc.gov/coronavirus/2019-ncov/hcp/telehealth.html},
year = {2020}
}



@misc{cdc2,
author={Charlotte D. Smith and Jeremy Mennis},
title={Incorporating Geographic Information Science and Technology in Response to the COVID-19 Pandemic},
year={2020},
month={Jul},
publisher={Center for Disease Control and Prevention},
url={https://www.cdc.gov/PCD/issues/2020/20_0246.htm},
language={eng}
}


@misc{cdc3, 
title = {Using Digital Technologies in Precision Public Health: COVID-19 and Beyond}, 
author = {Center for Disease Control and Prevention}, 
url = {https://blogs.cdc.gov/genomics/2020/04/06/using-digital/},
year = {2020}
}


@misc{vaers_article, 
title = {VAERS Overview}, 
author = {U.S. FOOD \& DRUG ADMINISTRATION }, 
url = {https://www.fda.gov/vaccines-blood-biologics/vaccine-adverse-events/vaers-overview},
year = {2019}
}