@article{rossi2021nearly,
  title={(Nearly) Ten Years of Social Media and Political Elections in Italy: Questions, Platforms, and Methods},
  author={Rossi, Luca and Righetti, Nicola and Marino, Giada},
  journal={Social Media+ Society},
  volume={7},
  number={4},
  pages={20563051211063460},
  year={2021},
  publisher={SAGE Publications Sage UK: London, England}
}

@inproceedings{valerio2018long,
  title={Long-term social media data collection at the university of turin},
  author={Basile, Valerio and Lai, Mirko and Sanguinetti, Manuela},
  booktitle={Proceedings of the Fifth Italian Conference on Computational Linguistics (CLiC-it 2018)},
  pages={1--6},
  year={2018},
  organization={CEUR-WS}
}

@article{PierriArtoni2020,
  title={Investigating Italian disinformation spreading on Twitter in the context of 2019 European elections},
  author={Pierri, Francesco and Artoni, Alessandro and Ceri, Stefano},
  journal={PloS one},
  volume={15},
  number={1},
  pages={e0227821},
  year={2020},
  publisher={Public Library of Science San Francisco, CA USA}
}

@article{deverna2021covaxxy,
  title={CoVaxxy: A global collection of English Twitter posts about COVID-19 vaccines},
  author={DeVerna, Matthew and Pierri, Francesco and Truong, Bao and Bollenbacher, John and Axelrod, David and Loynes, Niklas and Torres-Lugo, Cristopher and Yang, Kai-Cheng and Menczer, Fil and Bryden, John},
  journal={Proceedings of the International AAAI Conference on Web and Social Media},
  year={2021}
}

@inproceedings{di2022vaccineu,
  title={VaccinEU: COVID-19 vaccine conversations on Twitter in French, German and Italian},
  author={Di Giovanni, Marco and Pierri, Francesco and Torres-Lugo, Christopher and Brambilla, Marco},
  booktitle={Proceedings of the International AAAI Conference on Web and Social Media},
  volume={16},
  pages={1236--1244},
  year={2022}
}

@inproceedings{pierri2020diffusion,
  title={The diffusion of mainstream and disinformation news on Twitter: the case of Italy and France},
  author={Pierri, Francesco},
  booktitle={Companion proceedings of the web conference 2020},
  pages={617--622},
  year={2020}
}

@inproceedings{di2021content,
  title={Content-based Stance Classification of Tweets about the 2020 Italian Constitutional Referendum},
  author={Di Giovanni, Marco and Brambilla, Marco},
  booktitle={SocialNLP@ NAACL 2021},
  pages={14--23},
  year={2021}
}

@misc{crowdtangle,
  title={CrowdTangle},
  url={https://crowdtangle.com/},
  author={{CrowdTangle Team}},
  year={2022}
}

@inproceedings{crupi2022echoes,
  title={Echoes through Time: Evolution of the Italian COVID-19 Vaccination Debate},
  author={Crupi, Giuseppe and Mejova, Yelena and Tizzani, Michele and Paolotti, Daniela and Panisson, Andr{\'e}},
  booktitle={Proceedings of the International AAAI Conference on Web and Social Media},
  volume={16},
  pages={102--113},
  year={2022}
}

@inproceedings{calisir2020long,
  title={The Long-Running Debate about Brexit on Social Media},
  author={Calisir, Emre and Brambilla, Marco},
  booktitle={Proceedings of the International AAAI Conference on Web and Social Media},
  volume={14},
  pages={848--852},
  year={2020}
}

@article{haman2021politicians,
  title={Politicians on Social Media. The online database of members of national parliaments on Twitter},
  author={Haman, Michael and {\v{S}}koln{\'\i}k, Milan},
  journal={Profesional de la informaci{\'o}n},
  volume={30},
  number={2},
  year={2021}
}

@inproceedings{hanna2011mapping,
  title={Mapping the political Twitterverse: Candidates and their followers in the midterms},
  author={Hanna, Alexander and Sayre, Ben and Bode, Leticia and Yang, JungHwan and Shah, Dhavan},
  booktitle={Proceedings of the International AAAI Conference on Web and Social Media},
  volume={5},
  number={1},
  pages={510--513},
  year={2011}
}

@article{bovet2019influence,
  title={Influence of fake news in Twitter during the 2016 US presidential election},
  author={Bovet, Alexandre and Makse, Hern{\'a}n A},
  journal={Nature communications},
  volume={10},
  number={1},
  pages={1--14},
  year={2019},
  publisher={Nature Publishing Group}
}

@inproceedings{deb2019perils,
  title={Perils and challenges of social media and election manipulation analysis: The 2018 us midterms},
  author={Deb, Ashok and Luceri, Luca and Badaway, Adam and Ferrara, Emilio},
  booktitle={Companion proceedings of the 2019 world wide web conference},
  pages={237--247},
  year={2019}
}

@article{yang2022twitter,
  title={How Twitter data sampling biases US voter behavior characterizations},
  author={Yang, Kai-Cheng and Hui, Pik-Mai and Menczer, Filippo},
  journal={PeerJ Computer Science},
  volume={8},
  pages={e1025},
  year={2022},
  publisher={PeerJ Inc.}
}

@article{chen2022election2020,
  title={\# Election2020: The first public Twitter dataset on the 2020 US Presidential election},
  author={Chen, Emily and Deb, Ashok and Ferrara, Emilio},
  journal={Journal of Computational Social Science},
  volume={5},
  number={1},
  pages={1--18},
  year={2022},
  publisher={Springer}
}

@inproceedings{
abilov2021voterfraud2020,
  title={VoterFraud2020: a Multi-modal Dataset of Election Fraud Claims on Twitter},
  author={Abilov, Anton and Hua, Yiqing and Matatov, Hana and Amir, Ofra and Naaman, Mor},
  booktitle={Proceedings of the International AAAI Conference on Web and Social Media},
  volume={15},
  pages={901--912},
  year={2021}
}

@article{pierri2022political,
  title={Political advertisement on Facebook and Instagram in the run-up to 2022 Italian general election},
  author={Pierri, Francesco},
  journal={arXiv preprint arXiv:2212.08021},
  year={2022}
}

@article{vitak2011s,
  title={It's complicated: Facebook users' political participation in the 2008 election},
  author={Vitak, Jessica and Zube, Paul and Smock, Andrew and Carr, Caleb T and Ellison, Nicole and Lampe, Cliff},
  journal={CyberPsychology, behavior, and social networking},
  volume={14},
  number={3},
  pages={107--114},
  year={2011},
  publisher={Mary Ann Liebert, Inc. 140 Huguenot Street, 3rd Floor New Rochelle, NY 10801 USA}
}

@article{kim2016first,
  title={First and second levels of intermedia agenda setting: Political advertising, newspapers, and Twitter during the 2012 US presidential election},
  author={Kim, Yeojin and Gonzenbach, William J and Vargo, Chris J and Kim, Youngju},
  journal={International Journal of Communication},
  volume={10},
  pages={20},
  year={2016}
}

@article{allcott2017social,
  title={Social media and fake news in the 2016 election},
  author={Allcott, Hunt and Gentzkow, Matthew},
  journal={Journal of economic perspectives},
  volume={31},
  number={2},
  pages={211--36},
  year={2017}
}

@article{sahly2019social,
  title={Social media for political campaigns: An examination of Trump’s and Clinton’s frame building and its effect on audience engagement},
  author={Sahly, Abdulsamad and Shao, Chun and Kwon, K Hazel},
  journal={Social Media+ Society},
  volume={5},
  number={2},
  pages={2056305119855141},
  year={2019},
  publisher={SAGE Publications Sage UK: London, England}
}

@inproceedings{le2022audit,
  title={An Audit of Facebook’s Political Ad Policy Enforcement},
  author={Le Pochat, Victor and Edelson, Laura and Van Goethem, Tom and Joosen, Wouter and McCoy, Damon and Lauinger, Tobias},
  booktitle={Proceedings of the 31st USENIX Security Symposium},
  year={2022},
  organization={USENIX Association}
}

@article{freelon2018computational,
  title={Computational research in the post-API age},
  author={Freelon, Deen},
  journal={Political Communication},
  volume={35},
  number={4},
  pages={665--668},
  year={2018},
  publisher={Taylor \& Francis}
}