@inproceedings{long2015fully,
  title={Fully convolutional networks for semantic segmentation},
  author={Long, Jonathan and Shelhamer, Evan and Darrell, Trevor},
  booktitle={Proceedings of the IEEE conference on computer vision and pattern recognition},
  pages={3431--3440},
  year={2015}
}

@inproceedings{zhao2017pyramid,
  title={Pyramid scene parsing network},
  author={Zhao, Hengshuang and Shi, Jianping and Qi, Xiaojuan and Wang, Xiaogang and Jia, Jiaya},
  booktitle={Proceedings of the IEEE conference on computer vision and pattern recognition},
  pages={2881--2890},
  year={2017}
}

@inproceedings{ronneberger2015u,
  title={U-net: Convolutional networks for biomedical image segmentation},
  author={Ronneberger, Olaf and Fischer, Philipp and Brox, Thomas},
  booktitle={Medical Image Computing and Computer-Assisted Intervention--MICCAI 2015: 18th International Conference, Munich, Germany, October 5-9, 2015, Proceedings, Part III 18},
  pages={234--241},
  year={2015},
  organization={Springer}
}

@inproceedings{dai2017deformable,
  title={Deformable convolutional networks},
  author={Dai, Jifeng and Qi, Haozhi and Xiong, Yuwen and Li, Yi and Zhang, Guodong and Hu, Han and Wei, Yichen},
  booktitle={Proceedings of the IEEE international conference on computer vision},
  pages={764--773},
  year={2017}
}

@inproceedings{he2017mask,
  title={Mask r-cnn},
  author={He, Kaiming and Gkioxari, Georgia and Doll{\'a}r, Piotr and Girshick, Ross},
  booktitle={Proceedings of the IEEE international conference on computer vision},
  pages={2961--2969},
  year={2017}
}

@inproceedings{redmon2016you,
  title={You only look once: Unified, real-time object detection},
  author={Redmon, Joseph and Divvala, Santosh and Girshick, Ross and Farhadi, Ali},
  booktitle={Proceedings of the IEEE conference on computer vision and pattern recognition},
  pages={779--788},
  year={2016}
}

@article{shaban2017one,
  title={One-shot learning for semantic segmentation},
  author={Shaban, Amirreza and Bansal, Shray and Liu, Zhen and Essa, Irfan and Boots, Byron},
  journal={arXiv preprint arXiv:1709.03410},
  year={2017}
}

@inproceedings{zhang2019canet,
  title={Canet: Class-agnostic segmentation networks with iterative refinement and attentive few-shot learning},
  author={Zhang, Chi and Lin, Guosheng and Liu, Fayao and Yao, Rui and Shen, Chunhua},
  booktitle={Proceedings of the IEEE/CVF Conference on Computer Vision and Pattern Recognition},
  pages={5217--5226},
  year={2019}
}

@inproceedings{wang2019panet,
  title={Panet: Few-shot image semantic segmentation with prototype alignment},
  author={Wang, Kaixin and Liew, Jun Hao and Zou, Yingtian and Zhou, Daquan and Feng, Jiashi},
  booktitle={proceedings of the IEEE/CVF international conference on computer vision},
  pages={9197--9206},
  year={2019}
}

@inproceedings{siam2019amp,
  title={Amp: Adaptive masked proxies for few-shot segmentation},
  author={Siam, Mennatullah and Oreshkin, Boris N and Jagersand, Martin},
  booktitle={Proceedings of the IEEE/CVF International Conference on Computer Vision},
  pages={5249--5258},
  year={2019}
}

@inproceedings{okazawa2022interclass,
  title={Interclass Prototype Relation for Few-Shot Segmentation},
  author={Okazawa, Atsuro},
  booktitle={Computer Vision--ECCV 2022: 17th European Conference, Tel Aviv, Israel, October 23--27, 2022, Proceedings, Part XXIX},
  pages={362--378},
  year={2022},
  organization={Springer}
}

@inproceedings{liu2020crnet,
  title={Crnet: Cross-reference networks for few-shot segmentation},
  author={Liu, Weide and Zhang, Chi and Lin, Guosheng and Liu, Fayao},
  booktitle={Proceedings of the IEEE/CVF Conference on Computer Vision and Pattern Recognition},
  pages={4165--4173},
  year={2020}
}

@article{tian2020prior,
  title={Prior guided feature enrichment network for few-shot segmentation},
  author={Tian, Zhuotao and Zhao, Hengshuang and Shu, Michelle and Yang, Zhicheng and Li, Ruiyu and Jia, Jiaya},
  journal={IEEE transactions on pattern analysis and machine intelligence},
  volume={44},
  number={2},
  pages={1050--1065},
  year={2020},
  publisher={IEEE}
}

@inproceedings{zhang2019pyramid,
  title={Pyramid graph networks with connection attentions for region-based one-shot semantic segmentation},
  author={Zhang, Chi and Lin, Guosheng and Liu, Fayao and Guo, Jiushuang and Wu, Qingyao and Yao, Rui},
  booktitle={Proceedings of the IEEE/CVF International Conference on Computer Vision},
  pages={9587--9595},
  year={2019}
}

@inproceedings{yang2020prototype,
  title={Prototype mixture models for few-shot semantic segmentation},
  author={Yang, Boyu and Liu, Chang and Li, Bohao and Jiao, Jianbin and Ye, Qixiang},
  booktitle={Computer Vision--ECCV 2020: 16th European Conference, Glasgow, UK, August 23--28, 2020, Proceedings, Part VIII 16},
  pages={763--778},
  year={2020},
  organization={Springer}
}

@inproceedings{min2021hypercorrelation,
  title={Hypercorrelation squeeze for few-shot segmentation},
  author={Min, Juhong and Kang, Dahyun and Cho, Minsu},
  booktitle={Proceedings of the IEEE/CVF international conference on computer vision},
  pages={6941--6952},
  year={2021}
}

@inproceedings{lei2022cross,
  title={Cross-Domain Few-Shot Semantic Segmentation},
  author={Lei, Shuo and Zhang, Xuchao and He, Jianfeng and Chen, Fanglan and Du, Bowen and Lu, Chang-Tien},
  booktitle={Computer Vision--ECCV 2022: 17th European Conference, Tel Aviv, Israel, October 23--27, 2022, Proceedings, Part XXX},
  pages={73--90},
  year={2022},
  organization={Springer}
}

@article{zha2023boosting,
  title={Boosting Few-shot Fine-grained Recognition with Background Suppression and Foreground Alignment},
  author={Zha, Zican and Tang, Hao and Sun, Yunlian and Tang, Jinhui},
  journal={IEEE Transactions on Circuits and Systems for Video Technology},
  year={2023},
  publisher={IEEE}
}

@inproceedings{he2016deep,
  title={Deep residual learning for image recognition},
  author={He, Kaiming and Zhang, Xiangyu and Ren, Shaoqing and Sun, Jian},
  booktitle={Proceedings of the IEEE conference on computer vision and pattern recognition},
  pages={770--778},
  year={2016}
}

@article{zhang2021k,
  title={K-net: Towards unified image segmentation},
  author={Zhang, Wenwei and Pang, Jiangmiao and Chen, Kai and Loy, Chen Change},
  journal={Advances in Neural Information Processing Systems},
  volume={34},
  pages={10326--10338},
  year={2021}
}

@inproceedings{zhang2022semantic,
  title={Semantic segmentation by early region proxy},
  author={Zhang, Yifan and Pang, Bo and Lu, Cewu},
  booktitle={Proceedings of the IEEE/CVF Conference on Computer Vision and Pattern Recognition},
  pages={1258--1268},
  year={2022}
}

@inproceedings{chen2017no,
  title={No more discrimination: Cross city adaptation of road scene segmenters},
  author={Chen, Yi-Hsin and Chen, Wei-Yu and Chen, Yu-Ting and Tsai, Bo-Cheng and Frank Wang, Yu-Chiang and Sun, Min},
  booktitle={Proceedings of the IEEE International Conference on Computer Vision},
  pages={1992--2001},
  year={2017}
}

@inproceedings{chen2018road,
  title={Road: Reality oriented adaptation for semantic segmentation of urban scenes},
  author={Chen, Yuhua and Li, Wen and Van Gool, Luc},
  booktitle={Proceedings of the IEEE conference on computer vision and pattern recognition},
  pages={7892--7901},
  year={2018}
}

@inproceedings{du2019ssf,
  title={Ssf-dan: Separated semantic feature based domain adaptation network for semantic segmentation},
  author={Du, Liang and Tan, Jingang and Yang, Hongye and Feng, Jianfeng and Xue, Xiangyang and Zheng, Qibao and Ye, Xiaoqing and Zhang, Xiaolin},
  booktitle={Proceedings of the IEEE/CVF International Conference on Computer Vision},
  pages={982--991},
  year={2019}
}

@article{huang2022multi,
  title={Multi-level adversarial network for domain adaptive semantic segmentation},
  author={Huang, Jiaxing and Guan, Dayan and Xiao, Aoran and Lu, Shijian},
  journal={Pattern Recognition},
  volume={123},
  pages={108384},
  year={2022},
  publisher={Elsevier}
}

@inproceedings{hsu2021darcnn,
  title={Darcnn: Domain adaptive region-based convolutional neural network for unsupervised instance segmentation in biomedical images},
  author={Hsu, Joy and Chiu, Wah and Yeung, Serena},
  booktitle={Proceedings of the IEEE/CVF Conference on Computer Vision and Pattern Recognition},
  pages={1003--1012},
  year={2021}
}

@inproceedings{liu2021source,
  title={Source-free domain adaptation for semantic segmentation},
  author={Liu, Yuang and Zhang, Wei and Wang, Jun},
  booktitle={Proceedings of the IEEE/CVF Conference on Computer Vision and Pattern Recognition},
  pages={1215--1224},
  year={2021}
}

@inproceedings{wang2021exploring,
  title={Exploring cross-image pixel contrast for semantic segmentation},
  author={Wang, Wenguan and Zhou, Tianfei and Yu, Fisher and Dai, Jifeng and Konukoglu, Ender and Van Gool, Luc},
  booktitle={Proceedings of the IEEE/CVF International Conference on Computer Vision},
  pages={7303--7313},
  year={2021}
}

@inproceedings{li2021few,
  title={Few-shot semantic segmentation with self-supervision from pseudo-classes},
  author={Li, Yiwen and Data, Gratianus Wesley Putra and Fu, Yunguan and Hu, Yipeng and Prisacariu, Victor Adrian},
  booktitle = {32nd British Machine Vision Conference 2021, {BMVC} 2021, November 22-25, 2021},
  year={2021}
}

@inproceedings{boudiaf2021few,
  title={Few-shot segmentation without meta-learning: A good transductive inference is all you need?},
  author={Boudiaf, Malik and Kervadec, Hoel and Masud, Ziko Imtiaz and Piantanida, Pablo and Ben Ayed, Ismail and Dolz, Jose},
  booktitle={Proceedings of the IEEE/CVF Conference on Computer Vision and Pattern Recognition},
  pages={13979--13988},
  year={2021}
}

@inproceedings{Liu_2022_BMVC,
author    = {Jie Liu and Yanqi Bao and Wenzhe Yin and haochen wang and Yang Gao and Jan-Jakob Sonke and Efstratios Gavves},
title     = {Few-shot Semantic Segmentation with Support-induced Graph Convolutional Network},
booktitle = {33rd British Machine Vision Conference 2022, {BMVC} 2022, London, UK, November 21-24, 2022},
publisher = {{BMVA} Press},
year      = {2022},
url       = {https://bmvc2022.mpi-inf.mpg.de/0126.pdf}
}

@article{everingham2009pascal,
  title={The pascal visual object classes (voc) challenge},
  author={Everingham, Mark and Van Gool, Luc and Williams, Christopher KI and Winn, John and Zisserman, Andrew},
  journal={International journal of computer vision},
  volume={88},
  pages={303--308},
  year={2009}
}

@inproceedings{hariharan2011semantic,
  title={Semantic contours from inverse detectors},
  author={Hariharan, Bharath and Arbel{\'a}ez, Pablo and Bourdev, Lubomir and Maji, Subhransu and Malik, Jitendra},
  booktitle={2011 international conference on computer vision},
  pages={991--998},
  year={2011},
  organization={IEEE}
}

@inproceedings{li2020fss,
  title={Fss-1000: A 1000-class dataset for few-shot segmentation},
  author={Li, Xiang and Wei, Tianhan and Chen, Yau Pun and Tai, Yu-Wing and Tang, Chi-Keung},
  booktitle={Proceedings of the IEEE/CVF conference on computer vision and pattern recognition},
  pages={2869--2878},
  year={2020}
}

@article{codella2019skin,
  title={Skin lesion analysis toward melanoma detection 2018: A challenge hosted by the international skin imaging collaboration (isic)},
  author={Codella, Noel and Rotemberg, Veronica and Tschandl, Philipp and Celebi, M Emre and Dusza, Stephen and Gutman, David and Helba, Brian and Kalloo, Aadi and Liopyris, Konstantinos and Marchetti, Michael and others},
  journal={arXiv preprint arXiv:1902.03368},
  year={2019}
}

@article{tschandl2018ham10000,
  title={The HAM10000 dataset, a large collection of multi-source dermatoscopic images of common pigmented skin lesions},
  author={Tschandl, Philipp and Rosendahl, Cliff and Kittler, Harald},
  journal={Scientific data},
  volume={5},
  number={1},
  pages={1--9},
  year={2018},
  publisher={Nature Publishing Group}
}

@article{candemir2013lung,
  title={Lung segmentation in chest radiographs using anatomical atlases with nonrigid registration},
  author={Candemir, Sema and Jaeger, Stefan and Palaniappan, Kannappan and Musco, Jonathan P and Singh, Rahul K and Xue, Zhiyun and Karargyris, Alexandros and Antani, Sameer and Thoma, George and McDonald, Clement J},
  journal={IEEE transactions on medical imaging},
  volume={33},
  number={2},
  pages={577--590},
  year={2013},
  publisher={IEEE}
}

@article{jaeger2013automatic,
  title={Automatic tuberculosis screening using chest radiographs},
  author={Jaeger, Stefan and Karargyris, Alexandros and Candemir, Sema and Folio, Les and Siegelman, Jenifer and Callaghan, Fiona and Xue, Zhiyun and Palaniappan, Kannappan and Singh, Rahul K and Antani, Sameer and others},
  journal={IEEE transactions on medical imaging},
  volume={33},
  number={2},
  pages={233--245},
  year={2013},
  publisher={IEEE}
}

@article{vinyals2016matching,
  title={Matching networks for one shot learning},
  author={Vinyals, Oriol and Blundell, Charles and Lillicrap, Timothy and Wierstra, Daan and others},
  journal={Advances in neural information processing systems},
  volume={29},
  year={2016}
}

@article{simonyan2014very,
  title={Very deep convolutional networks for large-scale image recognition},
  author={Simonyan, Karen and Zisserman, Andrew},
  journal={arXiv preprint arXiv:1409.1556},
  year={2014}
}

@article{kingma2014adam,
  title={Adam: A method for stochastic optimization},
  author={Kingma, Diederik P and Ba, Jimmy},
  journal={arXiv preprint arXiv:1412.6980},
  year={2014}
}

@article{finn2017meta,
  title={Meta-learning and universality: Deep representations and gradient descent can approximate any learning algorithm},
  author={Finn, Chelsea and Levine, Sergey},
  journal={arXiv preprint arXiv:1710.11622},
  year={2017}
}

@article{seo2022task,
  title={Task-Adaptive Feature Transformer with Semantic Enrichment for Few-Shot Segmentation},
  author={Seo, Jun and Park, Young-Hyun and Yoon, Sung Whan and Moon, Jaekyun},
  journal={arXiv preprint arXiv:2202.06498},
  year={2022}
}

@inproceedings{woo2018cbam,
  title={Cbam: Convolutional block attention module},
  author={Woo, Sanghyun and Park, Jongchan and Lee, Joon-Young and Kweon, In So},
  booktitle={Proceedings of the European conference on computer vision (ECCV)},
  pages={3--19},
  year={2018}
}

@book{ben2003generalized,
  title={Generalized inverses: theory and applications},
  author={Ben-Israel, Adi and Greville, Thomas NE},
  volume={15},
  year={2003},
  publisher={Springer Science \& Business Media}
}

@book{marr2010vision,
  title={Vision: A computational investigation into the human representation and processing of visual information},
  author={Marr, David},
  year={2010},
  publisher={MIT press}
}