@inproceedings{berglund2015bidirectional,
  title={Bidirectional recurrent neural networks as generative models},
  author={Berglund, Mathias and Raiko, Tapani and Honkala, Mikko and K{\"a}rkk{\"a}inen, Leo and Vetek, Akos and Karhunen, Juha T},
  booktitle={Advances in Neural Information Processing Systems},
  pages={856--864},
  year={2015}
}

@article{williams1992simple,
  author="Williams, Ronald J.",
  title="Simple statistical gradient-following algorithms for connectionist reinforcement learning",
  journal="Machine Learning",
  year="1992",
  month="May",
  day="01",
  volume="8",
  number="3",
  pages="229--256",
  issn="1573-0565",
  doi="10.1007/BF00992696",
  url="https://doi.org/10.1007/BF00992696"
}

@article{schulman2017proximal,
  archivePrefix = {arXiv},
  arxivId = {1707.06347},
  author = {Schulman, John and Wolski, Filip and Dhariwal, Prafulla and Radford, Alec and Klimov, Oleg},
  eprint = {1707.06347},
  title = {{Proximal Policy Optimization Algorithms}},
  url = {http://arxiv.org/abs/1707.06347},
year = {2017}
}

@article{kingma2014adam,
  title={Adam: A method for stochastic optimization},
  author={Kingma, Diederik P. and Ba, Jimmy},
  journal={arXiv preprint 1412.6980},
  year={2014}
}

@article{wang2019nonautoaux,
  title={Non-Autoregressive Machine Translation with Auxiliary Regularization},
  author={Wang, Yiren and Tian, Fei and He, Di and Qin, Tao and Zhai, ChengXiang and Liu, Tie-Yan},
  journal={arXiv preprint 1902.10245},
  year={2019}
}

@article{shu2019lvnar,
  title={Latent-Variable Non-Autoregressive Neural Machine Translation with Deterministic Inference using a Delta Posterior},
  author={Shu, Raphael and Lee, Jason and Nakayama, Hideki and Cho, Kyunghyun},
  journal={arXiv preprint 1908.07181},
  year={2019}
}

@article{ma2019flowseq,
  title={FlowSeq: Non-Autoregressive Conditional Sequence Generation with Generative Flow},
  author={Ma, Xuezhe and Zhou, Chunting and Li, Xian and Neubig, Graham and Hovy, Eduard},
  journal={arXiv preprint 1909.02480},
  year={2019}
}

@inproceedings{papineni2002bleu,
  title={BLEU: a method for automatic evaluation of machine translation},
  author={Papineni, Kishore and Roukos, Salim and Ward, Todd and Zhu, Wei-Jing},
  booktitle={Proceedings of the 40th annual meeting on association for computational linguistics},
  pages={311--318},
  year={2002},
  organization={Association for Computational Linguistics}
}

@article{Ramachandran_2017,
   title={Unsupervised Pretraining for Sequence to Sequence Learning},
   url={http://dx.doi.org/10.18653/v1/d17-1039},
   DOI={10.18653/v1/d17-1039},
   journal={Proceedings of the 2017 Conference on Empirical Methods in Natural
          Language Processing},
   publisher={Association for Computational Linguistics},
   author={Ramachandran, Prajit and Liu, Peter and Le, Quoc},
   year={2017}
}


@misc{dong2019unified,
    title={Unified Language Model Pre-training for Natural Language Understanding and Generation},
    author={Li Dong and Nan Yang and Wenhui Wang and Furu Wei and Xiaodong Liu and Yu Wang and Jianfeng Gao and Ming Zhou and Hsiao-Wuen Hon},
    year={2019},
    eprint={1905.03197},
    archivePrefix={arXiv},
    primaryClass={cs.CL}
}

@misc{song2019mass,
    title={MASS: Masked Sequence to Sequence Pre-training for Language Generation},
    author={Kaitao Song and Xu Tan and Tao Qin and Jianfeng Lu and Tie-Yan Liu},
    year={2019},
    eprint={1905.02450},
    archivePrefix={arXiv},
    primaryClass={cs.CL}
}

@article{levine2006optimizing,
  title={Optimizing random scan Gibbs samplers},
  author={Levine, Richard A and Casella, George},
  journal={Journal of Multivariate Analysis},
  volume={97},
  number={10},
  pages={2071--2100},
  year={2006},
  publisher={Elsevier}
}

@article{ghazvininejad2019constant,
  title={Mask-Predict: Parallel Decoding of Conditional Masked Language Models},
  author={Ghazvininejad, Marjan and Levy, Omer and Liu, Yinhan and Zettlemoyer, Luke},
  journal={arXiv preprint arXiv:1904.09324},
  year={2019}
}

@article{wang2019bert,
  title={BERT has a Mouth, and It Must Speak: BERT as a Markov Random Field Language Model},
  author={Wang, Alex and Cho, Kyunghyun},
  journal={arXiv preprint arXiv:1902.04094},
  year={2019}
}

@article{lample2019cross,
  title={Cross-lingual Language Model Pretraining},
  author={Lample, Guillaume and Conneau, Alexis},
  journal={arXiv preprint arXiv:1901.07291},
  year={2019}
}

@misc{edunov2019pretrained,
    title={Pre-trained Language Model Representations for Language Generation},
    author={Sergey Edunov and Alexei Baevski and Michael Auli},
    year={2019},
    eprint={1903.09722},
    archivePrefix={arXiv},
    primaryClass={cs.CL}
}

@article{wang2018semi,
  title={Semi-autoregressive neural machine translation},
  author={Wang, Chunqi and Zhang, Ji and Chen, Haiqing},
  journal={arXiv preprint arXiv:1808.08583},
  year={2018}
}

@article{jernite2015mrflm,
  title={A Fast Variational Approach for Learning Markov Random Field Language Models},
  author={Jernite, Yacine and Rush, Sasha and Sontag, David},
  journal={ICML},
  year={2015}
}

@inproceedings{besag1977pll,
  title={Efficiency of pseudolikelihood
estimation for simple gaussian fields},
  author={Besag, Julian},
  journal={Biometrika},
  year={1977}
}

@inproceedings{sun2017bibs,
  title={Bidirectional Beam Search: Forward-Backward Inference in Neural Sequence Models for Fill-in-the-Blank Image Captioning},
  author={Sun, Qing and Lee, Stefan and Batra, Dhruv},
  journal={CVPR},
  year={2017}
}

@inproceedings{mehri2018middleout,
  title={Middle-Out Decoding},
  author={Mehri, Shikib and Sigal, Leonid},
  journal={NeurIPS},
  year={2018}
}

@inproceedings{koehn2007moses,
  title={Moses: Open source toolkit for statistical machine translation},
  author={Koehn, Philipp and Hoang, Hieu and Birch, Alexandra and Callison-Burch, Chris and Federico, Marcello and Bertoldi, Nicola and Cowan, Brooke and Shen, Wade and Moran, Christine and Zens, Richard and others},
  booktitle={ACL},
  year={2007},
}

@inproceedings{sennrich2016bpe,
  author    = {Rico Sennrich and
               Barry Haddow and
               Alexandra Birch},
  title     = {Neural Machine Translation of Rare Words with Subword Units},
  booktitle = {ACL},
  year      = {2016},
}

@inproceedings{srivastava2014dropout,
  title={Dropout: A Simple Way to Prevent Neural Networks from
Overfitting},
  author={Srivastava, Nitish and Hinton, Geoffrey and Krizhevsky, Alex and Sutskever, Ilya and Salakhutdinov, Ruslan},
  journal={JMLR},
  year={2014}
}

@article{hendrycks2016gelu,
  title={Bridging Nonlinearities and Stochastic Regularizers with Gaussian Error Linear Units},
  author={Hendrycks, Dan and Gimpel, Kevin},
  journal={arXiv preprint arXiv:1606.08415,},
  year={2016}
}

@article{lee2018deterministic,
  title={Deterministic non-autoregressive neural sequence modeling by iterative refinement},
  author={Lee, Jason and Mansimov, Elman and Cho, Kyunghyun},
  journal={arXiv preprint arXiv:1802.06901},
  year={2018}
}

@inproceedings{welleck2019nonmonotonic,
  title ={Non-Monotonic Sequential Text Generation},
  author = {Welleck, Sean and Brantley, Kiant{\'e} and III, Hal Daum{\'e} and Cho, Kyunghyun},
  booktitle ={Proceedings of the 36th International Conference on Machine Learning},
  pages ={6716--6726},
  year ={2019},
  editor ={Chaudhuri, Kamalika and Salakhutdinov, Ruslan},
  volume ={97},
  series ={Proceedings of Machine Learning Research},
  address = {Long Beach, California, USA},
  month = {09--15 Jun},
  publisher = {PMLR},
  pdf = {http://proceedings.mlr.press/v97/welleck19a/welleck19a.pdf},
  url = {http://proceedings.mlr.press/v97/welleck19a.html},
}

@article{stern2019inserttransformer,
  title={Insertion Transformer: Flexible Sequence Generation via Insertion Operations},
  author={Mitchell Stern and William Chan and Jamie Kiros and Jakob Uszkoreit},
  journal={CoRR},
  year={2019},
  volume={abs/1902.03249}
}

@article{gu2019insertiondecoding,
  title={Insertion-based Decoding with automatically Inferred Generation Order},
  author={Jiatao Gu and Qi Liu and Kyunghyun Cho},
  journal={CoRR},
  year={2019},
  volume={abs/1902.01370}
}

@article{wu2016neuralmt,
  title={Google's Neural Machine Translation System: Bridging the Gap between Human and Machine Translation},
  author={Wu, Yonghui and Schuster, Mike and Chen, Zhifeng and Le, Quoc V and Norouzi, Mohammad and Macherey, Wolfgang and Krikun, Maxim and Cao, Yuan and Gao, Qin and Macherey, Klaus and others},
  journal={arXiv preprint arXiv:1609.08144},
  year={2016}
}

@inproceedings{oord2016wavenet,
  title={WaveNet: A Generative Model for Raw Audio},
  author={A{\"a}ron van den Oord and Sander Dieleman and Heiga Zen and Karen Simonyan and Oriol Vinyals and Alex Graves and Nal Kalchbrenner and Andrew W. Senior and Koray Kavukcuoglu},
  booktitle={SSW},
  year={2016}
}

@article{vinyals2016ordermatters,
  title={Order Matters: Sequence to sequence for sets},
  author={Oriol Vinyals and Samy Bengio and Manjunath Kudlur},
  journal={CoRR},
  year={2016},
  volume={abs/1511.06391}
}

@article{gu2018nonauto,
  title={Non-Autoregressive Neural Machine Translation},
  author={Jiatao Gu and James Bradbury and Caiming Xiong and Victor O. K. Li and Richard Socher},
  journal={CoRR},
  year={2018},
  volume={abs/1711.02281}
}

@inproceedings{ford2018importanceorder,
  title={The Importance of Generation Order in Language Modeling},
  author={Nicolas Ford and Daniel Duckworth and Mohammad Norouzi and George E. Dahl},
  booktitle={EMNLP},
  year={2018}
}

@inproceedings{sutskever2014sequence,
  title={Sequence to sequence learning with neural networks},
  author={Sutskever, Ilya and Vinyals, Oriol and Le, Quoc V},
  booktitle={NIPS},
  year={2014}
}

@inproceedings{bahdanau2014neural,
  title={Neural machine translation by jointly learning to align and translate},
  author={Bahdanau, Dzmitry and Cho, Kyunghyun and Bengio, Yoshua},
  booktitle={ICLR},
  year={2015}
}

@inproceedings{peters2018elmo,
  title={Deep contextualized word representations},
  author={Matthew E. Peters and Mark Neumann and Mohit Iyyer and Matt Gardner and Christopher Clark and Kenton Lee and Luke Zettlemoyer},
  booktitle={NAACL},
  year={2018}
}

@inproceedings{wang2018glue,
  title={GLUE: A Multi-Task Benchmark and Analysis Platform for Natural Language Understanding},
  author={Alex Wang and Amanpreet Singh and Julian Michael and Felix Hill and Omer Levy and Samuel R. Bowman},
  booktitle={ICLR},
  year={2018}
}

@article{wangcho2019bertspeak,
  author    = {Alex Wang and Kyunghyun Cho},
  title     = {BERT has a Mouth, and It Must Speak: BERT as a Markov Random Field Language Model},
  journal   = {arXiv preprint arXiv:1902.04094},
  year      = {2019},
}

@inproceedings{gehring2017convseqtoseq,
  title={Convolutional Sequence to Sequence Learning},
  author={Jonas Gehring and Michael Auli and David Grangier and Denis Yarats and Yann N. Dauphin},
  booktitle={ICML},
  year={2017}
}

@inproceedings{devlin2019bert,
  title={BERT: Pre-training of Deep Bidirectional Transformers for Language Understanding},
  author={Jacob Devlin and Ming-Wei Chang and Kenton Lee, Kristina Toutanova},
  booktitle={NAACL},
  year={2019}
}

@inproceedings{vinyals2015ordermatters,
  title={Order Matters: Sequence to sequence for sets},
  author={Vinyals, Oriol and Bengio, Samy and Kudlur, Manjunath},
  booktitle={ICLR},
  year={2015}
}

@inproceedings{vaswani2017attention,
  title={Attention is all you need},
  author={Vaswani, Ashish and Shazeer, Noam and Parmar, Niki and Uszkoreit, Jakob and Jones, Llion and Gomez, Aidan N and Kaiser, {\L}ukasz and Polosukhin, Illia},
  booktitle={NIPS},
  year={2017}
}