@inproceedings{kovalenko2019pathminer,
  title={PathMiner: a library for mining of path-based representations of code},
  author={Kovalenko, Vladimir and Bogomolov, Egor and Bryksin, Timofey and Bacchelli, Alberto},
  booktitle={Proceedings of the 16th International Conference on Mining Software Repositories},
  pages={13--17},
  year={2019},
  organization={IEEE Press}
}

@article{Xuan2012DeveloperPI,
  title={Developer prioritization in bug repositories},
  author={J. Xuan and He Jiang and Zhilei Ren and W. Zou},
  journal={2012 34th International Conference on Software Engineering (ICSE)},
  year={2012},
  pages={25-35}
}

@inproceedings{Jeong2009ImprovingBT,
  title={Improving bug triage with bug tossing graphs},
  author={Gaeul Jeong and Sunghun Kim and T. Zimmermann},
  booktitle={ESEC/FSE '09},
  year={2009}
}

@article{Wong2014BoostingBF,
  title={Boosting Bug-Report-Oriented Fault Localization with Segmentation and Stack-Trace Analysis},
  author={Chu-Pan Wong and Yingfei Xiong and Hongyu Zhang and Dan Hao and L. Zhang and Hong Mei},
  journal={2014 IEEE International Conference on Software Maintenance and Evolution},
  year={2014},
  pages={181-190}
}

@article{Moreno2014OnTU,
  title={On the Use of Stack Traces to Improve Text Retrieval-Based Bug Localization},
  author={Laura Moreno and J. Treadway and A. Marcus and Wuwei Shen},
  journal={2014 IEEE International Conference on Software Maintenance and Evolution},
  year={2014},
  pages={151-160}
}

@article{Youm2015BugLB,
  title={Bug Localization Based on Code Change Histories and Bug Reports},
  author={Klaus Changsun Youm and June Ahn and Jeongho Kim and Eunseok Lee},
  journal={2015 Asia-Pacific Software Engineering Conference (APSEC)},
  year={2015},
  pages={190-197}
}

@article{Dang2012ReBucketAM,
  title={{ReBucket}: A method for clustering duplicate crash reports based on call stack similarity},
  author={Yingnong Dang and R. Wu and Hongyu Zhang and D. Zhang and Peter Nobel},
  journal={2012 34th International Conference on Software Engineering (ICSE)},
  year={2012},
  pages={1084-1093}
}

@article{Sabor2017DURFEXAF,
  title={{DURFEX}: A Feature Extraction Technique for Efficient Detection of Duplicate Bug Reports},
  author={K. Sabor and A. Hamou-Lhadj and Alf Larsson},
  journal={2017 IEEE International Conference on Software Quality, Reliability and Security (QRS)},
  year={2017},
  pages={240-250}
}

@article{Khvorov2021S3MSS,
  title={{S3M}: Siamese Stack (Trace) Similarity Measure},
  author={Aleksandr Khvorov and Roman Vasiliev and G. Chernishev and I. M. Rodrigues and D. Koznov and Nikita Povarov},
  journal={2021 IEEE/ACM 18th International Conference on Mining Software Repositories (MSR)},
  year={2021},
  pages={266-270}
}


@article{Schmidhuber2015DeepLI,
  title={Deep learning in neural networks: An overview},
  author={J. Schmidhuber},
  journal={Neural networks : the official journal of the International Neural Network Society},
  year={2015},
  volume={61},
  pages={
          85-117
        }
}

@inproceedings{Wolf2020TransformersSN,
  title={Transformers: State-of-the-Art Natural Language Processing},
  author={Thomas Wolf and Lysandre Debut and Victor Sanh and Julien Chaumond and Clement Delangue and Anthony Moi and Pierric Cistac and Tim Rault and R'emi Louf and Morgan Funtowicz and Jamie Brew},
  booktitle={EMNLP},
  year={2020}
}

% Heuristic bug triage models
@article{Tian2016LearningTR,
  title={Learning to rank for bug report assignee recommendation},
  author={Y. Tian and Dinusha Wijedasa and D. Lo and Claire Le Goues},
  journal={2016 IEEE 24th International Conference on Program Comprehension (ICPC)},
  year={2016},
  pages={1-10}
}

@inproceedings{Tamrawi2011FuzzySA,
  title={Fuzzy set and cache-based approach for bug triaging},
  author={Ahmed Tamrawi and T. Nguyen and Jafar M. Al-Kofahi},
  booktitle={ESEC/FSE '11},
  year={2011}
}

@article{Shokripour2015ATA,
  title={A time-based approach to automatic bug report assignment},
  author={R. Shokripour and J. Anvik and Z. M. Kasirun and S. Zamani},
  journal={J. Syst. Softw.},
  year={2015},
  volume={102},
  pages={109-122}
}

@article{Hu2014EffectiveBT,
  title={Effective Bug Triage Based on Historical Bug-Fix Information},
  author={Hao-Ji Hu and Hongyu Zhang and J. Xuan and W. Sun},
  journal={2014 IEEE 25th International Symposium on Software Reliability Engineering},
  year={2014},
  pages={122-132}
}

% Machine learning  bug triage models 
@article{Naguib2013BugRA,
  title={Bug report assignee recommendation using activity profiles},
  author={Hoda Naguib and Nitesh Narayan and B. Br{\"u}gge and D. Helal},
  journal={2013 10th Working Conference on Mining Software Repositories (MSR)},
  year={2013},
  pages={22-30}
}

@article{Xia2017ImprovingAB,
  title={Improving Automated Bug Triaging with Specialized Topic Model},
  author={Xin Xia and D. Lo and Ying Ding and Jafar M. Al-Kofahi and T. Nguyen and Xinyu Wang},
  journal={IEEE Transactions on Software Engineering},
  year={2017},
  volume={43},
  pages={272-297}
}


% Nueal network models
@article{Lee2017ApplyingDL,
  title={Applying deep learning based automatic bug triager to industrial projects},
  author={Sun-Ro Lee and Min-Jae Heo and Chan-Gun Lee and Milhan Kim and Gaeul Jeong},
  journal={Proceedings of the 2017 11th Joint Meeting on Foundations of Software Engineering},
  year={2017}
}

@article{Guo2020DeveloperAM,
  title={Developer Activity Motivated Bug Triaging: Via Convolutional Neural Network},
  author={Shikai Guo and Xinyi Zhang and Xi Yang and Rong Chen and Chen Guo and H. Li and Tingting Li},
  journal={Neural Processing Letters},
  year={2020},
  volume={51},
  pages={2589-2606}
}

@article{Zaidi2020ApplyingCN,
  title={Applying Convolutional Neural Networks With Different Word Representation Techniques to Recommend Bug Fixers},
  author={Syed Farhan Alam Zaidi and Faraz Malik Awan and Min-soo Lee and Honguk Woo and Chan-Gun Lee},
  journal={IEEE Access},
  year={2020},
  volume={8},
  pages={213729-213747}
}

@article{Mani2019DeepTriageET,
  title={{DeepTriage}: Exploring the Effectiveness of Deep Learning for Bug Triaging},
  author={Senthil Mani and A. Sankaran and Rahul Aralikatte},
  journal={Proceedings of the ACM India Joint International Conference on Data Science and Management of Data},
  year={2019}
}


@article{Xi2019BugTB,
  title={Bug Triaging Based on Tossing Sequence Modeling},
  author={Shengqu Xi and Yuan Yao and Xusheng Xiao and F. Xu and J. Lu},
  journal={Journal of Computer Science and Technology},
  year={2019},
  volume={34},
  pages={942 - 956}
}

%LSTM
@article{Hochreiter1997LongSM,
  title={Long Short-Term Memory},
  author={S. Hochreiter and J. Schmidhuber},
  journal={Neural Computation},
  year={1997},
  volume={9},
  pages={1735-1780}
}

%RankNet loss
@article{Burges2005LearningTR,
  title={Learning to rank using gradient descent},
  author={C. Burges and Tal Shaked and Erin Renshaw and Ari Lazier and Matt Deeds and Nicole Hamilton and Greg Hullender},
  journal={Proceedings of the 22nd international conference on Machine learning},
  year={2005}
}

%Adam 
@article{Kingma2015AdamAM,
  title={Adam: A Method for Stochastic Optimization},
  author={Diederik P. Kingma and Jimmy Ba},
  journal={CoRR},
  year={2015},
  volume={abs/1412.6980}
} 


@inproceedings{Loshchilov2019DecoupledWD,
  title={Decoupled Weight Decay Regularization},
  author={I. Loshchilov and F. Hutter},
  booktitle={ICLR},
  year={2019}
}

% RNN vs. CNN
@article{Yin2017ComparativeSO,
  title={Comparative Study of CNN and RNN for Natural Language Processing},
  author={Wenpeng Yin and Katharina Kann and Mo Yu and Hinrich Sch{\"u}tze},
  journal={ArXiv},
  year={2017},
  volume={abs/1702.01923}
}

% Attention study
@article{Bahdanau2015NeuralMT,
  title={Neural Machine Translation by Jointly Learning to Align and Translate},
  author={Dzmitry Bahdanau and Kyunghyun Cho and Yoshua Bengio},
  journal={CoRR},
  year={2015},
  volume={abs/1409.0473}
}

@inproceedings{Graves2005BidirectionalLN,
  title={Bidirectional {LSTM} Networks for Improved Phoneme Classification and Recognition},
  author={A. Graves and Santiago Fern{\'a}ndez and J. Schmidhuber},
  booktitle={ICANN},
  year={2005}
}

@inproceedings{Collobert2008AUA,
  title={A unified architecture for natural language processing: deep neural networks with multitask learning},
  author={Ronan Collobert and J. Weston},
  booktitle={ICML '08},
  year={2008}
}

% Similarity module
@article{Severyn2015LearningTR,
  title={Learning to Rank Short Text Pairs with Convolutional Deep Neural Networks},
  author={Aliaksei Severyn and Alessandro Moschitti},
  journal={Proceedings of the 38th International ACM SIGIR Conference on Research and Development in Information Retrieval},
  year={2015}
}

%Heuristics
@article{Kagdi2012AssigningCR,
  title={Assigning change requests to software developers},
  author={H. Kagdi and Malcom Gethers and D. Poshyvanyk and M. Hammad},
  journal={Journal of Software: Evolution and Process},
  year={2012},
  volume={24}
}

@article{Shokripour2013WhySC,
  title={Why so complicated? {Simple} term filtering and weighting for location-based bug report assignment recommendation},
  author={R. Shokripour and J. Anvik and Z. M. Kasirun and S. Zamani},
  journal={2013 10th Working Conference on Mining Software Repositories (MSR)},
  year={2013},
  pages={2-11}
}

@article{Shokripour2012AutomaticBA,
  title={Automatic Bug Assignment Using Information Extraction Methods},
  author={R. Shokripour and Z. M. Kasirun and S. Zamani and J. Anvik},
  journal={2012 International Conference on Advanced Computer Science Applications and Technologies (ACSAT)},
  year={2012},
  pages={144-149}
}

@article{Vsquez2012TriagingIC,
  title={Triaging incoming change requests: Bug or commit history, or code authorship?},
  author={M. V{\'a}squez and Kamal Hossen and Hoang Dang and H. Kagdi and Malcom Gethers and D. Poshyvanyk},
  journal={2012 28th IEEE International Conference on Software Maintenance (ICSM)},
  year={2012},
  pages={451-460}
}

@inproceedings{Zhang2013AHB,
  title={A hybrid bug triage algorithm for developer recommendation},
  author={Tao Zhang and Byungjeong Lee},
  booktitle={SAC '13},
  year={2013}
}


%Machine learning

%Naive Bayes, SVM, Random Forest
@article{Anvik2006WhoSF,
  title={Who should fix this bug?},
  author={J. Anvik and L. Hiew and G. Murphy},
  journal={Proceedings of the 28th international conference on Software engineering},
  year={2006}
}

%SVM
@article{Lin2009AnES,
  title={An empirical study on bug assignment automation using Chinese bug data},
  author={Zhongpeng Lin and F. Shu and Ye Yang and Chenyong Hu and Qing Wang},
  journal={2009 3rd International Symposium on Empirical Software Engineering and Measurement},
  year={2009},
  pages={451-455}
}

%Nive Bayes
@article{Banitaan2013TRAMAA,
  title={{TRAM}: An approach for assigning bug reports using their Metadata},
  author={Shadi Banitaan and Mamdouh Alenezi},
  journal={2013 Third International Conference on Communications and Information Technology (ICCIT)},
  year={2013},
  pages={215-219}
}

%SVM
@article{Ahsan2009AutomaticSB,
  title={Automatic Software Bug Triage System {(BTS)} Based on Latent Semantic Indexing and Support Vector Machine},
  author={S. Ahsan and Javed Ferzund and F. Wotawa},
  journal={2009 Fourth International Conference on Software Engineering Advances},
  year={2009},
  pages={216-221}
}

@article{Chen2019AnEI,
  title={An Empirical Investigation of Incident Triage for Online Service Systems},
  author={Junjie Chen and Xiaoting He and Qingwei Lin and Y. Xu and Hongyu Zhang and Dan Hao and F. Gao and Zhangwei Xu and Yingnong Dang and D. Zhang},
  journal={2019 IEEE/ACM 41st International Conference on Software Engineering: Software Engineering in Practice (ICSE-SEIP)},
  year={2019},
  pages={111-120}
}

% Word2Vec
@inproceedings{Mikolov2013EfficientEO,
  title={Efficient Estimation of Word Representations in Vector Space},
  author={Tomas Mikolov and Kai Chen and Gregory S. Corrado and Jeffrey Dean},
  booktitle={ICLR},
  year={2013}
}

% Glove
@inproceedings{Pennington2014GloVeGV,
  title={{GloVe}: Global Vectors for Word Representation},
  author={Jeffrey Pennington and Richard Socher and Christopher D. Manning},
  booktitle={EMNLP},
  year={2014}
}

% ELMO 
@inproceedings{Peters2018DeepCW,
  title={Deep Contextualized Word Representations},
  author={Matthew E. Peters and Mark Neumann and Mohit Iyyer and Matt Gardner and Christopher Clark and Kenton Lee and Luke Zettlemoyer},
  booktitle={NAACL},
  year={2018}
}


% Windows Error Reporting (WER)
@inproceedings{Glerum2009DebuggingIT,
  title={Debugging in the (very) large: ten years of implementation and experience},
  author={Kirk Glerum and Kinshuman Kinshumann and Steve Greenberg and Gabriel Aul and Vince Orgovan and Greg Nichols and David Grant and Gretchen Loihle and Galen C. Hunt},
  booktitle={SOSP '09},
  year={2009}
}

@inproceedings{Hochreiter2001GradientFI,
  title={Gradient Flow in Recurrent Nets: the Difficulty of Learning Long-Term Dependencies},
  author={Sepp Hochreiter and Yoshua Bengio},
  year={2001}
}


@article{Srivastava2014DropoutAS,
  title={Dropout: a simple way to prevent neural networks from overfitting},
  author={Nitish Srivastava and Geoffrey E. Hinton and Alex Krizhevsky and Ilya Sutskever and Ruslan Salakhutdinov},
  journal={J. Mach. Learn. Res.},
  year={2014},
  volume={15},
  pages={1929-1958}
}

@inproceedings{Vaswani2017AttentionIA,
  title={Attention is all you need},
  author={Vaswani, Ashish and Shazeer, Noam and Parmar, Niki and Uszkoreit, Jakob and Jones, Llion and Gomez, Aidan N and Kaiser, {\L}ukasz and Polosukhin, Illia},
  booktitle={Advances in neural information processing systems},
  pages={5998--6008},
  year={2017}
}

@article{wong2017more,
  title={Be more familiar with our enemies and pave the way forward: A review of the roles bugs played in software failures},
  author={Wong, W Eric and Li, Xuelin and Laplante, Philip A},
  journal={Journal of Systems and Software},
  volume={133},
  pages={68--94},
  year={2017},
  publisher={Elsevier}
}

% TF-IDF
@inproceedings{Ramos2003UsingTT,
  title={Using {TF-IDF} to Determine Word Relevance in Document Queries},
  author={Juan Enrique Ramos},
  year={2003}
}

% Logistic regression
@inproceedings{Hosmer1989AppliedLR,
  title={Applied Logistic Regression},
  author={David W. Hosmer and Stanley Lemeshow},
  year={1989}
}

% Random Forests
@article{Breiman2004RandomF,
  title={Random Forests},
  author={Leo Breiman},
  journal={Machine Learning},
  year={2004},
  volume={45},
  pages={5-32}
}

@article{Efron1979BootstrapMA,
  title={Bootstrap Methods: Another Look at the Jackknife},
  author={Bradley Efron},
  journal={Annals of Statistics},
  year={1979},
  volume={7},
  pages={1-26}
}

@inproceedings{sarkar2019improving,
  title={Improving bug triaging with high confidence predictions at ericsson},
  author={Sarkar, Aindrila and Rigby, Peter C and Bartalos, B{\'e}la},
  booktitle={2019 IEEE International Conference on Software Maintenance and Evolution (ICSME)},
  pages={81--91},
  year={2019},
  organization={IEEE}
}